3142 5730
483 462 513 517 1.
542 461 599 516 ua
628 461 943 518 ceuuuuunn.
1266 466 1305 534 73

163 681 235 750 rbae
255 682 428 750 nationum
445 683 556 772 stirpes
579 681 614 738 (¹)
631 682 666 750 in
688 682 756 772 ipsa
778 680 925 751 Guelfica
946 700 1034 773 parte
1055 683 1157 751 nimia
1178 683 1309 751 exulum

163 798 269 867 aientia
287 819 438 866 securam
452 820 563 887 pacem
587 795 692 882 dante,
710 798 823 888 opibus
848 816 942 888 atque
957 799 1058 887 gloria
1076 799 1158 866 inter
1176 800 1310 888 Ligures

163 913 319 992 antissent,
344 912 428 981 duae
449 935 522 1003 prae
546 913 675 982 caeteris
697 913 732 969 (l)
755 912 893 980 familiae
916 914 1062 1002 potentia
1084 937 1121 981 ac
1143 913 1310 983 nobilitate

163 1027 288 1111 aeibant,
307 1027 546 1096 Cavalcaboves
564 1029 683 1098 scilicet
704 1047 737 1096 et
751 1031 876 1113 Amati3
895 1052 1031 1119 quarum
1045 1031 1203 1121 principes
1221 1030 1310 1098 fami·

163 1162 232 1209 uum
250 1139 384 1209 diversis
404 1141 545 1210 moribus
567 1143 602 1211 in
624 1141 701 1211 urbe
723 1145 878 1227 viventes,
899 1143 979 1211 odiis
1003 1167 1038 1211 ac
1060 1166 1159 1234 prope
1182 1144 1310 1212 seditio·

163 1253 215 1325 bus
227 1255 423 1340 laborabant,
443 1275 552 1347 utpote
571 1257 763 1327 Guillelmus
783 1258 979 1327 Cavalcabos
1003 1277 1035 1326 et
1053 1255 1252 1347 Supramons
1271 1259 1310 1328 de

163 1372 253 1439 matis
299 1389 444 1462 uterque,
457 1373 685 1455 internobiles,
709 1374 819 1457 clarus,
839 1372 983 1441 amabilis
1001 1391 1033 1441 et
1056 1373 1214 1463 gloriosus
1233 1394 1309 1443 erat.

163 1509 233 1555 rum
246 1487 445 1557 multitudini
460 1506 492 1555 et
505 1489 662 1578 plerisque
680 1510 721 1556 ex
739 1488 954 1578 magnatibus,
976 1489 1031 1577 qui
1054 1511 1229 1558 commune
1254 1489 1310 1557 bo·

163 1624 203 1670 un
228 1625 359 1671 summo
388 1602 495 1671 studio
526 1603 688 1686 curabant,
712 1604 909 1693 Supramons
941 1605 1042 1672 carior
1059 1603 1128 1688 fuit,
1152 1606 1269 1695 quippe
1292 1630 1311 1672 a

163 1738 283 1789 renuite
297 1719 459 1809 publicola
480 1720 596 1811 lbonis
610 1721 754 1790 moribus
776 1721 811 1778 (⁶)
834 1745 870 1791 ac
892 1721 1081 1813 reipublicae
1104 1722 1190 1790 utilis
1213 1722 1309 1790 babe-

163 1851 221 1904 tur.
254 1856 366 1905 contra
378 1836 579 1921 Guillelmus,
589 1859 687 1927 quem
703 1835 886 1906 divitiarum
898 1837 989 1927 copia
1002 1837 1175 1927 superbum
1195 1860 1231 1904 ac
1243 1860 1311 1904 ma·

163 1949 286 2024 tifastus
308 1952 456 2036 reddidit,
472 1953 613 2022 turbator
624 1952 660 2009 (a)
670 1953 818 2052 iustitiae,
841 1952 955 2022 iudicia
969 1952 1156 2043 plerumque
1172 1952 1310 2021 coniun·
1377 1972 1380 1979 ·

163 2087 212 2146 aas,
228 2065 306 2134 baec
320 2065 381 2135 sibi
395 2065 490 2134 licere
506 2088 543 2134 ac
561 2089 595 2135 se
609 2090 712 2135 unum
726 2067 761 2134 in
776 2065 854 2134 urbe
872 2065 942 2156 plus
962 2066 1093 2135 caeteris
1109 2088 1217 2155 posse,
1232 2063 1311 2133 dum

163 2200 217 2245 eva
240 2181 373 2270 impune
400 2181 523 2266 suadet,
544 2181 723 2269 gloriosum
753 2198 785 2249 et
814 2179 967 2249 decorum
991 2179 1106 2249 stolide
1134 2178 1309 2269 reputabat.

163 2293 212 2360 tius
227 2293 271 2360 rei
294 2315 389 2361 causa
407 2295 528 2363 invisus
551 2313 617 2363 erat
638 2293 853 2384 popularibus.
899 2311 1122 2362 verumtamen
1146 2314 1212 2360 una
1235 2314 1310 2361 cum

163 2409 273 2499 erbque
294 2411 484 2500 sequacibus
507 2412 571 2479 suis
594 2428 709 2478 cuncta
730 2411 862 2501 impune
890 2432 987 2479 saeva
1016 2408 1218 2498 gerentibus,
1241 2409 1310 2476 sine

163 2522 225 2607 nlo,
244 2527 388 2594 maximo
416 2525 605 2615 reipublicae
628 2524 748 2593 damno
770 2525 923 2614 regnabat
946 2526 980 2593 in
1003 2523 1090 2593 urbe.
1135 2525 1180 2593 sic
1210 2524 1309 2607 enirn,

163 2636 330 2729 ncipatum
342 2640 526 2709 dissimilius
540 2642 608 2709 eius
622 2641 855 2730 progenitores,
870 2640 958 2708 'velut
971 2662 1063 2707 more
1077 2660 1136 2707 suo
1153 2639 1309 2720 viventes,

163 2747 212 2834 lim,
239 2752 415 2842 periculum
445 2752 637 2843 quandoque
659 2753 834 2827 turbandae
860 2752 1060 2843 reipublicae,
1084 2776 1121 2820 ac
1143 2752 1310 2821 seditionis

163 2887 249 2939 tusam
266 2870 429 2940 dederant.
475 2871 568 2941 huius
586 2872 664 2940 mali
681 2872 811 2940 humilis
833 2871 1017 2955 multitudo,
1035 2895 1072 2940 ac
1090 2872 1233 2962 plerique
1251 2871 1310 2938 bo·

163 2985 208 3052 uti
226 2986 344 3055 ordinis
366 2986 547 3076 populares,
566 2987 790 3076 Supramontis
816 2986 1045 3056 adolescentuli
1068 2986 1146 3054 olim
1169 2985 1278 3054 favore
1301 2985 1311 3076 Ι

163 3101 207 3184 eti,
225 3101 308 3173 baud
330 3121 452 3171 temere
475 3102 657 3192 aliquando,
680 3101 809 3192 aliquod
832 3102 971 3171 habuere
993 3102 1184 3186 remedium,
1204 3102 1311 3191 legem

163 3236 265 3302 rentes,
285 3242 360 3308 qua,
383 3219 527 3286 maxima
555 3217 789 3301 moderatione,
807 3241 874 3287 non
901 3219 976 3286 urbs
999 3219 1088 3287 velut
1110 3217 1256 3287 exulibus
1279 3235 1311 3284 et

163 3335 309 3423 rescriptis,
328 3333 385 3402 sed
405 3334 505 3402 nimia
524 3333 609 3402 urbis
634 3332 845 3423 frequentatio
870 3352 965 3424 atque
992 3356 1084 3402 mora
1107 3331 1310 3423 primoribus,

163 3448 330 3519 nnocredo
344 3449 478 3539 singulis
490 3432 630 3516 familiae
638 3446 911 3532 Cavalcabovum,
921 3448 1089 3516 interdicta
1098 3465 1174 3515 erat.
1221 3447 1311 3515 cuius

163 3555 273 3653 bsequio
290 3565 384 3653 legis,
404 3563 482 3632 dum
502 3562 741 3633 Cavalcaboves
761 3562 886 3652 oppidis
906 3587 943 3631 ac
966 3561 1109 3632 dulcibus
1132 3562 1216 3651 agris
1234 3563 1310 3646 suis,

163 3696 258 3748 uorum
279 3702 401 3769 magna
423 3681 468 3747 eis
492 3681 585 3769 copia
607 3698 684 3761 erat,
703 3678 873 3769 magnifice
892 3680 993 3748 vitam
1015 3697 1125 3769 agunt,
1150 3678 1204 3746 diu
1227 3696 1312 3747 tran-

163 3791 218 3861 uila
236 3817 324 3885 pace,
340 3795 429 3864 velut
451 3794 586 3884 integra,
601 3793 708 3862 floruit
724 3795 897 3863 Cremona.
943 3795 1008 3862 iam
1022 3792 1189 3863 Gibellinis
1204 3813 1311 3862 extor-

163 3899 209 3976 bus
225 3911 330 3978 onmis
349 3911 383 3978 in
403 3909 517 3978 urbem
544 3930 637 3977 suam
658 3908 776 3977 reditus
799 3932 855 3999 spe
884 3910 999 3998 posita,
1023 3909 1183 3999 oblitaque
1203 3908 1311 3977 dulce-

163 4016 201 4090 'ne
211 4029 336 4115 patriae,
347 4027 584 4116 quiescentibus
607 4025 717 4093 alienis
739 4025 839 4107 terris,
859 4025 962 4093 donec
986 4042 1107 4093 mutata
1126 4024 1311 4093 conditione

163 4139 256 4209 urium
274 4140 453 4210 Mediolani
471 4157 503 4208 et
522 4139 704 4207 Cremonae
726 4139 878 4220 similiter,
897 4138 1020 4207 sublata
1035 4137 1213 4207 confinium
1228 4137 1311 4225 lege,

163 4255 293 4324 undose
315 4256 453 4345 perverti
483 4255 589 4343 coepit
612 4254 678 4345 (in)
702 4253 833 4346 quilibet
855 4254 940 4323 urbis
964 4253 1045 4322 ordo
1063 4253 1108 4320 (⁸).
1157 4274 1233 4320 nam
1256 4252 1311 4321 ubi

182 4508 207 4564 (ι)
220 4513 261 4558 Bb
280 4511 365 4558 multae
382 4510 498 4557 nationum
512 4511 593 4568 stirpes
654 4511 686 4567 (b)
703 4511 745 4556 Bb
758 4511 816 4557 duee
828 4511 923 4557 cureris
985 4512 1018 4569 (cl
1031 4512 1073 4557 Aa
1086 4523 1099 4555 a
1113 4511 1232 4557 iuventute
1245 4512 1312 4557 bonis

163 4585 222 4636 *lbra
280 4593 313 4650 (d)
327 4592 372 4638 Bb
384 4592 486 4636 turbata
545 4591 578 4647 (e)
593 4590 635 4635 Bb
648 4589 769 4635 Mediolani
787 4596 810 4635 et
823 4591 982 4648 plerarumque
995 4589 1120 4636 vicinarum
1135 4591 1226 4636 urbium
1239 4598 1313 4637 status

176 4664 251 4715 vivum
265 4682 354 4722 mores,
367 4669 463 4715 turbatio
475 4667 551 4714 studio
563 4668 660 4727 panium
669 4670 744 4725 rebus,
758 4667 838 4714 mutati
851 4675 913 4726 eunt,
926 4677 948 4714 et
962 4668 1087 4714 Crenrom
1096 4669 1218 4715 multitudo
1232 4670 1313 4716 timere

163 4744 202 4800 ‘iffi
211 4752 331 4808 mennam
345 4749 465 4796 bominum
482 4749 533 4808 plus
546 4761 614 4807 quam
627 4750 713 4807 leguuu
722 4760 775 4794 narn
787 4747 826 4794 ubl

229 4855 246 4903 1.
258 4857 287 4903 de
301 4856 449 4903 omae.
1182 4856 1206 4902 5·
