3142 5730
387 365 431 429 62
865 368 1118 430 HISTORIA

386 598 545 689 superbia,
563 597 620 687 qui
642 598 744 688 patrie
765 594 843 664 urbe
864 594 975 661 vivere
989 611 1096 682 aequo
1119 592 1190 658 iure
1208 592 1366 671 nesciens,
1388 610 1472 671 nunc,
1489 589 1537 657 lun

386 714 502 803 plebeii
520 715 599 782 civis
617 711 710 780 domi
725 712 853 779 latitans
871 709 1052 778 volantium
1071 708 1245 776 stridorem
1264 708 1372 774 avium
1388 705 1476 788 timet,
1486 705 1538 774 lltt·

387 831 432 896 tei
443 830 654 897 vicecomitis
671 827 799 895 famulis
817 823 1016 916 pulsantibus
1033 822 1208 892 stridentes
1226 822 1346 890 domus
1367 819 1442 889 fores
1459 818 1538 888 sentit?

388 944 429 1013 id
449 967 531 1035 quas
552 946 650 1012 currit
672 944 725 1011 ille
747 941 878 1011 sedulus
901 959 936 1009 et
951 938 1056 1009 fidelis
1078 937 1177 1007 frater
1205 937 1357 1020 Iacobus,
1375 936 1538 1005 nulliustttn'
1559 954 1560 957 ’

388 1061 507 1129 domus
523 1058 645 1129 fidens:
663 1060 720 1149 qui
736 1056 902 1147 patefactis
919 1058 1020 1147 portis
1034 1056 1196 1124 Matteum
1215 1054 1292 1122 lieet
1310 1053 1442 1121 amicum
1455 1050 1537 1133 tileo,

389 1199 457 1244 nou
475 1198 534 1265 pro
555 1199 602 1258 se,
621 1174 678 1243 sed
700 1195 760 1264 pro
782 1174 931 1265 deposito
949 1175 1018 1241 eius
1038 1171 1255 1262 praesentiam
1275 1170 1394 1250 timuit,
1411 1190 1443 1236 tc
1456 1186 1538 1235 utun

388 1312 564 1381 utcumque
582 1293 700 1359 timore
726 1312 848 1379 presso,
866 1291 943 1357 satis
960 1287 1049 1356 claro
1071 1286 1177 1369 vultu,
1195 1286 1323 1375 inquit:
1354 1282 1453 1374 «quid
1470 1282 1538 1362 ulit

388 1408 509 1497 quidve
529 1407 731 1497 quaeritisla
750 1405 854 1474 domo
871 1403 1035 1473 nostrai»
1058 1403 1177 1470 atille:
1204 1401 1328 1484 «nihil,
1347 1401 1407 1469 nisi
1424 1397 1540 1466 utdom

390 1545 423 1593 et
436 1546 519 1614 quac
537 1524 571 1591 in
589 1545 629 1590 ea
647 1542 734 1604 sunt,
750 1521 829 1591 dum
847 1540 1030 1612 postumus,
1046 1538 1158 1586 secura
1175 1520 1285 1586 sint».
1324 1515 1445 1598 deinde,
1458 1530 1541 1604 putto
1561 1540 1566 1571 ὲ

391 1643 426 1707 in
456 1642 554 1707 armis
581 1638 721 1706 famulos
753 1657 930 1717 ostentans,
953 1635 1048 1704 offert
1069 1655 1152 1725 quos
1181 1656 1297 1703 secum
1320 1651 1426 1702 teneat
1443 1627 1543 1722 prten'di

391 1778 485 1821 causa
504 1754 633 1821 domus.
681 1754 732 1821 cui
749 1753 802 1820 ille
821 1753 943 1843 iuquit:
964 1774 1057 1817 «nec
1075 1748 1272 1840 praesidium
1290 1768 1432 1817 vestrum
1443 1743 1543 1836 tepndo,

392 1893 469 1938 nam
492 1870 560 1936 scio
583 1888 711 1957 praesto
730 1869 799 1951 erit,
823 1890 885 1936 nec
907 1866 1030 1948 dubito,
1049 1866 1078 1933 s'
1098 1885 1233 1934 neeesse
1256 1865 1326 1933 erit
1373 1886 1474 1933 vetum
1488 1856 1544 1929 sele

393 1988 476 2053 bitur
487 1986 582 2068 illico,
592 2005 697 2052 vestra
708 2006 817 2074 opera,
831 1984 993 2065 existimo,
1004 1981 1094 2050 furor
1103 1982 1175 2063 iste,
1187 1999 1223 2049 et
1232 1982 1344 2049 omnis
1354 1975 1546 2048 innooenstit't

393 2124 524 2170 securus
543 2103 610 2169 erit
657 2104 710 2184 ite,
735 2101 859 2170 nullum
880 2099 1052 2168 discrimen
1076 2119 1213 2168 cunctos
1236 2096 1472 2168 defendentibus
1493 2095 1548 2160 nites

393 2237 529 2299 vestros,
545 2236 577 2284 et
588 2216 712 2285 bonum
725 2215 817 2284 vobis
829 2213 899 2298 fuit,
913 2217 972 2284 erit
984 2241 1018 2283 ».
1059 2218 1181 2283 etenim
1191 2213 1329 2284 verbum
1344 2214 1432 2282 illum
1443 2210 1548 2286 subitio.

394 2355 430 2399 ac
455 2334 578 2399 cunctis
601 2330 781 2400 notandum
804 2333 937 2407 civibus.
959 2333 987 2398 si
1009 2331 1136 2400 animus
1155 2330 1250 2399 nobis
1269 2330 1355 2398 foret
1375 2347 1464 2398 ratus.
1502 2342 1550 2392 ntu

395 2469 471 2516 tunc
490 2447 640 2537 primum,
661 2448 721 2515 hac
736 2447 771 2502 (¹)
786 2470 936 2537 prospera
955 2447 987 2515 in
1001 2466 1070 2516 tam
1087 2446 1270 2537 periculoso
1287 2469 1396 2514 rerum
1414 2440 1550 2512 manue

395 2564 585 2652 aspiratione
615 2562 762 2632 fortunae
773 2565 821 2645 (⁵),
851 2563 1047 2633 Theutonus
1069 2561 1159 2631 furor
1188 2560 1340 2631 effraenis
1358 2562 1455 2630 ltctm
1470 2554 1552 2625 emim

395 2678 502 2757 nimis,
521 2695 554 2744 et
573 2677 720 2745 licentius
743 2679 775 2745 in
800 2677 960 2767 quoslibet
976 2678 1064 2745 cives
1082 2679 1206 2746 saevire
1225 2679 1343 2768 coepit.
1363 2677 1374 2769 Ι
1390 2678 1494 2765 itaque,
1510 2687 1553 2736 11⁰³

395 2792 496 2861 modo
520 2817 633 2861 eorum
657 2795 703 2875 (θ,
725 2794 779 2884 qui
804 2817 892 2862 arma
923 2813 1124 2884 sumpserant
1148 2814 1261 2864 contra
1284 2818 1407 2884 regem,
1424 2791 1555 2883 spolianti

396 2908 524 2993 domus,
537 2932 651 2978 verum
664 2912 897 2994 innocentium,
908 2912 1011 2979 immo
1026 2913 1124 2978 etiam
1141 2934 1282 3000 quorum
1293 2911 1442 2980 Turriani
1456 2900 1556 2976 nominis

397 3052 432 3095 ac
452 3051 528 3095 suae
556 3026 701 3094 factionis
721 3025 862 3096 studium
890 3029 1035 3095 extiterat
1054 3026 1217 3098 odiosum.
1264 3028 1361 3096 huius
1380 3028 1425 3105 rei
1442 3048 1499 3094 nou
1512 3039 1558 3087 1110·

397 3144 466 3210 dica
485 3166 578 3209 causa
602 3142 661 3210 fuit
680 3141 807 3232 pestifer
830 3141 968 3210 invidiae
992 3143 1124 3211 morbus
1139 3145 1221 3211 inter
1239 3144 1339 3226 cives,
1362 3163 1439 3212 tunc
1461 3137 1561 3209 oinium

396 3255 517 3344 perdita
541 3256 691 3323 charitate
715 3255 880 3322 laborans:
901 3279 977 3323 nam
1001 3257 1043 3324 ob
1066 3280 1173 3346 prava,
1205 3280 1288 3346 quae
1316 3256 1437 3326 diutius
1461 3257 1491 3324 in
1511 3245 1562 3318 urbe

396 3371 531 3452 fuerant,
552 3372 690 3461 partium
708 3369 824 3452 studia,
840 3371 948 3439 multis
967 3372 1128 3439 veteribus
1147 3394 1184 3440 ac
1203 3371 1299 3440 novis
1318 3369 1565 3440 offensionibus

397 3487 529 3566 iniuriis,
541 3504 576 3552 ut
590 3484 635 3567 fit,
653 3507 767 3554 mutuo
783 3485 875 3566 datis,
887 3486 1075 3568 multorum,
1093 3506 1180 3576 apto,
1195 3504 1231 3556 ut
1245 3485 1305 3554 sibi
1321 3505 1371 3555 est
1386 3488 1499 3566 visum,
1511 3497 1566 3550 ten·

397 3623 474 3688 pore
494 3602 686 3668 suscitantur
705 3601 797 3678 odia;
814 3600 889 3671 inde
901 3625 1005 3693 neque
1023 3625 1119 3671 verso
1135 3601 1250 3693 pollice
1270 3602 1450 3673 multotum
1464 3588 1569 3668 barbaris

398 3719 565 3805 signantur
595 3716 721 3785 domus.
769 3718 848 3786 haec
877 3719 958 3787 adeo
985 3721 1083 3787 crevit
1109 3720 1207 3809 pestis
1237 3739 1273 3788 ut
1299 3718 1453 3810 plerique,
1479 3716 1526 3807 qui
1561 3734 1565 3757 ¹

399 3856 532 3900 suorum
555 3834 676 3900 civium
698 3833 801 3922 spolia
826 3856 956 3902 causam
981 3834 1145 3918 dederant,
1168 3836 1328 3903 suscitatis
1350 3833 1520 3904 deindein
1554 3846 1571 3879 ⁸*

399 3947 622 4038 praedonibus,
639 3948 851 4037 spoliarentur
860 3951 905 4017 (ἆ).
944 3951 988 4016 sic
1004 3972 1097 4040 saepe
1113 3948 1210 4041 digna
1224 3950 1346 4018 meritis
1361 3952 1503 4040 praemia
1515 3953 1570 4015 mol

400 4064 512 4133 talibus
527 4064 630 4133 reddit
645 4067 745 4134 Deus.
792 4090 812 4133 ο
827 4067 970 4134 vilissimi
983 4067 992 4155 [
1004 4067 1117 4134 vilium
1130 4070 1227 4148 cives,
1240 4090 1323 4156 quos
1338 4069 1454 4137 canina
1465 4063 1571 4134 nimiu¹

400 4180 501 4248 rabies
520 4201 625 4264 vexat,
646 4181 759 4248 saltem
776 4206 836 4249 vos
853 4202 1006 4249 moveant
1021 4183 1143 4250 ridiculi
1160 4182 1361 4274 praedonum
1379 4183 1478 4251 risus!
1522 4167 1568 4248 rid

402 4295 596 4364 Theutonus
615 4316 647 4364 et
666 4299 772 4365 omnis
792 4297 952 4382 barbarus,
968 4322 1030 4389 qua
1047 4299 1154 4381 utitur,
1172 4299 1312 4366 amentia
1330 4319 1435 4367 vestra
1449 4293 1571 4389 gaude·

400 4411 574 4494 offendere,
595 4437 660 4480 uon
681 4434 788 4502 tegere
808 4414 940 4503 potestis
960 4416 1084 4482 vicinos
1104 4434 1240 4497 vestros3
1261 4437 1329 4482 non
1350 4415 1476 4497 Mattei,
1499 4431 1569 4502 etq

456 4675 666 4729 (n)AoBbhaec
722 4678 1044 4735 (blssbsspirtntcfortuot
1099 4677 1323 4736 lclAamoinqul
1378 4677 1559 4736 (ditem
