3232 5716
425 109 452 163 1.
481 107 541 162 ne
568 105 886 164 cannenses.
1208 110 1247 178 23

53 328 217 397 nobilium
234 327 383 397 factionis
405 329 525 417 primus
543 350 580 395 ac
597 345 701 396 rector
723 346 799 396 erat
857 327 909 396 hic
927 349 961 395 se
979 327 1148 396 satellitem
1170 331 1254 419 regis

55 462 165 528 vocat,
179 467 280 534 seque
293 466 329 511 ac
342 443 479 512 domum
494 445 562 511 eius
573 445 682 511 multis
691 443 905 532 imperialibus
920 444 1014 512 donis
1029 463 1061 511 et
1072 445 1180 534 gratiis
1195 445 1253 512 do·

11 590 31 636 o
57 579 161 629 tatum
180 582 340 628 asserens:
363 559 534 639 «minime,
547 559 660 648 inquit,
673 558 808 627 domino
823 582 897 627 meo
912 560 1037 628 rebellis
1054 583 1123 628 esse
1136 562 1253 629 volo».

58 675 137 742 haec
168 674 276 742 audita
308 696 373 741 vox
407 674 531 742 comitis
557 673 700 740 insolens
734 675 872 741 nimium
903 674 1060 764 plerisque
1095 677 1163 742 visa
1197 696 1254 743 est.

58 791 178 879 quippe
196 791 223 856 si
241 811 300 878 pro
315 789 349 845 (¹)
369 813 402 856 se
422 788 501 856 nihil
528 789 737 856 solicitudinis
760 812 880 877 gerere,
904 813 1062 878 generum
1088 792 1156 858 eius
1176 792 1256 859 Gui-

60 904 183 973 donem
205 904 320 972 soliciti
343 905 466 970 timoris
485 925 552 971 non
579 902 742 971 modicam
762 927 892 971 causam
911 904 969 971 sibi
987 904 1056 972 fore
1076 905 1255 990 credebant,

62 1021 124 1100 cui,
137 1019 148 1109 1
163 1017 357 1087 obtinendae
381 1016 620 1100 dominationis,
639 1019 664 1085 si
683 1041 739 1085 rex
757 1021 881 1086 venerit
893 1019 938 1102 (b),
958 1042 1073 1108 parum
1091 1022 1159 1109 spei
1179 1041 1255 1089 erat.

10 1162 33 1227 [ς
69 1135 270 1223 stupentibus
288 1135 394 1223 itaque
410 1133 550 1215 caeteris,
565 1134 728 1201 Antonius
743 1133 782 1200 de
795 1135 951 1223 Fissiraga
964 1135 1009 1218 (¹),
1028 1137 1062 1203 in
1079 1137 1168 1204 cuius
1184 1158 1259 1202 cura

71 1269 104 1318 et
120 1268 278 1338 potestate
304 1248 478 1317 Laudensis
511 1250 620 1315 civitas
644 1268 708 1316 erat
719 1249 769 1313 (ὓς
802 1268 1003 1339 «postquam
1029 1251 1119 1333 nihil,
1145 1252 1257 1340 inquit,

73 1367 163 1434 cuius
178 1367 280 1454 gratia
299 1364 338 1431 ad
352 1364 386 1431 id
407 1365 513 1431 vocati
531 1386 652 1445 snmus,
672 1366 723 1454 agi
746 1364 853 1446 video,
876 1367 956 1454 ipso,
981 1365 1106 1455 dequo
1125 1368 1259 1435 minime

63 1480 260 1561 dubitabam,
284 1479 480 1568 impediente
516 1498 713 1546 conventum
739 1480 786 1561 (ἃ),
815 1502 873 1569 pro
885 1480 920 1535 (θ)
946 1504 980 1548 se
1011 1483 1145 1570 quisque
1175 1475 1259 1571 agatJ

62 1617 253 1686 quaeremus
284 1613 316 1663 et
338 1617 398 1662 nos
422 1596 454 1661 in
481 1594 552 1662 aula
581 1596 665 1684 regis
692 1595 851 1663 locum».
898 1596 937 1662 ad
965 1595 1028 1663 hoc
1054 1597 1090 1651 (f)
1127 1598 1259 1665 Guiliel-

11 1733 33 1778 0
63 1735 156 1779 mum
172 1710 442 1793 Cavalcabovem,
462 1711 551 1777 cuius
565 1710 748 1778 Cremonae
766 1709 906 1798 pollebat
922 1712 1093 1779 auctoritas
1106 1712 1152 1793 (²),
1168 1715 1259 1781 nobi·

63 1827 151 1895 litate
175 1827 280 1915 gentis
299 1825 480 1893 divitiarum
495 1844 526 1892 et
541 1847 707 1892 armorum
727 1827 819 1914 copia
830 1825 876 1908 (ὅ),
897 1844 929 1893 et
945 1850 1019 1894 cum
1035 1848 1075 1893 eo
1090 1827 1260 1896 Simonem

63 1942 269 2010 Advocatum
280 1940 316 1995 (¹¹)
330 1963 406 2008 suae
423 1941 528 2029 partis,
548 1940 724 2029 principem
744 1942 777 2007 iu
793 1941 958 2023 Vercellis,
975 1942 1155 2030 accepimus
1174 1944 1260 2011 ineo

66 2057 240 2147 colloquio,
256 2056 296 2123 ad
314 2057 514 2145 propositum
532 2056 657 2122 comitis
671 2055 941 2138 submovendum,
958 2057 1071 2124 frustra
1087 2059 1261 2147 plurimum

128 2320 159 2375 (a)
174 2318 270 2375 Bbper
323 2318 355 2374 (b)
370 2317 489 2362 Rbculus
502 2316 617 2361 obtinendi
627 2317 901 2363 dominatusinadrentu
912 2319 971 2375 regis
1027 2322 1057 2377 (c)
1072 2322 1215 2367 BbeMur.
1233 2323 1262 2368 ci·
1328 2371 1340 2384 ι

66 2399 125 2444 vites
132 2407 189 2451 erat,
196 2399 250 2442 licet
258 2398 344 2454 absque
354 2397 421 2441 titulo
431 2396 531 2453 privatus
540 2396 627 2441 viveret
641 2397 663 2440 in
674 2397 778 2441 urbasus
832 2398 864 2452 ld)
874 2400 917 2443 Bb
926 2400 1067 2454 impediente,
1082 2414 1120 2458 per
1175 2403 1204 2456 (e)
1221 2405 1262 2447 Bb

66 2490 105 2534 per
159 2475 190 2533 (i)
206 2476 314 2521 Bbtunc
330 2487 384 2520 vero
441 2477 473 2531 (g)
490 2475 531 2519 Bb
546 2486 587 2518 nec
601 2487 647 2518 non
661 2474 788 2519 divitiarum
803 2485 824 2520 et
839 2476 962 2522 amicorum
977 2479 1042 2534 copia
1111 2481 1143 2534 (h)
1160 2482 1201 2525 Bb
1216 2482 1262 2525 Ad·

68 2563 176 2601 vocatum
189 2555 218 2599 de
232 2554 367 2600 Collobiano

70 2795 145 2850 Italia
165 2795 442 2850 edenodiluiedei
454 2797 527 2849 suoi:
543 2796 645 2850 «Mon-
690 2802 876 2853 «esecuzione
903 2800 956 2853 alla
980 2818 1047 2872 pace
1075 2803 1261 2857 universale».

72 2880 207 2953 «signent
221 2879 317 2951 Phellp
330 2880 364 2934 de
377 2880 525 2951 Langouse
541 2893 568 2934 et
580 2893 643 2934 tous
689 2881 753 2936 Non
769 2899 832 2953 pare
849 2884 900 2938 che
916 2885 1014 2939 alcuno
1033 2887 1076 2940 dei
1094 2899 1202 2958 quattro
1222 2906 1264 2942 ac-

73 2966 191 3022 «chiaus
221 2965 255 3019 de
282 2965 428 3035 Langouse
456 2966 645 3036 responditent
690 2979 813 3021 cettasse.
867 2968 910 3024 Cf.
929 2969 963 3022 D.
984 2969 1147 3035 eomnenr,
1162 2971 1211 3037 111,
1225 2988 1263 3036 tv,

73 3051 265 3123 «plainement
285 3067 337 3121 que
359 3049 378 3103 il
394 3049 509 3104 estoient
532 3049 645 3121 apareil·
691 3052 767 3121 epib
786 3052 979 3122 specialmente
998 3039 1007 3106 i
1026 3054 1181 3108 documenti
1200 3055 1265 3127 pub·

72 3135 132 3189 «lle
147 3135 171 3189 si
183 3151 293 3188 comme
308 3135 363 3188 bon
376 3147 453 3205 suget
469 3147 496 3190 et
504 3135 578 3188 vasal
592 3135 647 3188 d'o·
690 3135 780 3189 blicati
796 3136 840 3189 dal
856 3136 916 3191 Det
931 3137 1035 3192 Luuoo
1051 3155 1066 3191 a
1082 3138 1264 3193 illustrazione

74 3220 154 3274 abbir
173 3236 189 3272 a
209 3230 299 3273 toutes
320 3219 360 3273 les
378 3232 515 3290 requestes
529 3240 558 3284 »‚
583 3219 645 3274 doc.
691 3221 718 3274 di
727 3221 789 3290 quel
800 3238 888 3292 passo.
921 3221 961 3275 Lo
972 3223 1130 3278 nuoviamo
1141 3223 1186 3294 piu
1196 3222 1262 3277 tardi

72 3304 302 3374 nxx1v,4-15(?)
313 3317 410 3375 agosto
421 3307 449 3358 in
459 3305 590 3371 Borrama,
601 3322 646 3375 op.
692 3305 745 3358 alla
761 3318 835 3359 corte
845 3307 871 3359 di
881 3306 981 3360 Enrico
994 3305 1046 3359 VII
1062 3309 1088 3361 in
1103 3308 1208 3362 Milano
1219 3309 1264 3364 col

73 3389 156 3454 cie,1.
195 3387 270 3442 Sulla
283 3389 373 3442 antica
387 3388 493 3442 rivalita
505 3401 545 3441 tra
555 3390 563 3441 i
574 3389 646 3442 Lau·
691 3402 772 3443 conte
788 3388 927 3462 Filippone
946 3391 973 3443 di
995 3391 1141 3464 Langosco
1157 3411 1172 3448 e
1191 3394 1266 3449 Man-

72 3489 159 3544 gosco
175 3490 191 3526 e
208 3472 218 3524 i
236 3472 366 3526 Beccaria
385 3471 419 3526 cf.
439 3472 472 3526 G.
492 3473 644 3538 Roaotuu,
689 3474 758 3528 fredi
773 3473 910 3529 Beccaria.

71 3559 171 3628 Natizia
182 3559 352 3629 appartenenti
363 3557 415 3611 alla
428 3560 508 3611 storia
522 3557 586 3611 della
600 3575 647 3611 sua
727 3559 769 3629 (2)
799 3560 877 3613 «Era
896 3560 1002 3616 allhora
1030 3563 1171 3633 (ncces.)
1190 3563 1266 3618 l‘aut·

69 3643 166 3714 patria,
186 3641 279 3706 Pavia,
298 3641 372 3712 1830,
390 3641 445 3696 vol.
465 3640 512 3707 IV,
531 3654 606 3713 parte
626 3643 647 3708 l,
693 3645 799 3697 «torita
814 3645 841 3698 di
855 3645 1015 3715 Guglielmo
1035 3646 1201 3712 Cavalcabb,
1216 3646 1265 3701 sra-

72 3743 116 3797 pp.
133 3740 181 3794 205
201 3742 216 3778 e
231 3742 290 3796 sgg.
693 3726 784 3780 «tello
799 3727 826 3780 di
837 3727 971 3799 Giacopo,
986 3740 1063 3782 tanto
1076 3729 1177 3798 grande
1193 3729 1264 3783 nella

108 3810 152 3878 (1)
171 3809 293 3863 Antonio
312 3809 339 3864 di
363 3808 496 3880 Fissiraga
521 3826 538 3864 o
564 3809 648 3864 Fuxe-
693 3823 811 3864 anostra
826 3813 889 3864 citta
905 3810 956 3865 che
971 3823 1040 3864 tutte
1055 3810 1080 3865 le
1099 3828 1163 3865 cose
1182 3811 1266 3882 publi·

74 3910 150 3966 rago,
169 3892 282 3965 podesta
301 3894 327 3947 di
350 3892 462 3947 Firenze
481 3892 527 3947 nel
546 3894 612 3947 1288
632 3911 647 3947 e
694 3912 707 3942 a
719 3893 770 3947 che
789 3893 910 3946 secondo
928 3892 947 3945 il
967 3909 1017 3947 suo
1036 3893 1129 3947 volere
1148 3894 1265 3947 s’ammi·

74 3979 144 4031 duce
167 3975 347 4031 dell'esercito
375 3976 520 4030 florentino
550 3989 646 4031 contro
694 3976 883 4029 anistravano.
920 3975 965 4028 Ma
985 3993 1032 4047 per
1060 3993 1149 4030 essere
1177 3978 1264 4047 questi

75 4060 190 4126 Arezzo,
200 4076 245 4113 era
255 4071 325 4114 stato
340 4076 396 4113 uno
409 4060 453 4114 dei
465 4073 573 4132 quattro
584 4077 648 4131 gen·
694 4080 708 4108 a
719 4057 817 4112 fratelli
826 4059 886 4128 capi
894 4057 964 4135 della
971 4056 1083 4112 sattione
1093 4057 1183 4128 guella
1192 4076 1264 4130 poco

74 4142 211 4198 tiluomini
230 4143 365 4198 lombardi
384 4147 514 4216 proposti,
530 4145 564 4198 da
577 4161 646 4215 papa
694 4159 801 4196 «erano
821 4142 901 4195 amici
921 4141 1171 4213 all’lmperatorea.
1220 4143 1262 4198 Cf.

75 4226 225 4280 benedetto
245 4226 292 4292 XI,
311 4244 376 4298 pure
396 4243 411 4280 a
430 4227 543 4297 podesta
562 4228 588 4282 di
607 4227 648 4281 Fi·
694 4227 727 4279 A.
744 4225 856 4291 Caum,
873 4224 999 4281 Cremona
1012 4226 1152 4294 fidelissima
1167 4229 1228 4282 clud
1242 4236 1264 4282 ct

76 4309 215 4376 renze,nel
225 4311 420 4381 maggiotqoa,
428 4328 475 4382 per
485 4311 647 4365 coadiuvare
693 4309 845 4363 nobilissima
853 4311 950 4363 colonia
958 4313 1016 4374 dra,
1031 4309 1178 4380 Cremona,
1189 4312 1264 4382 1585,

76 4392 94 4447 il
109 4393 229 4447 cardinal
239 4392 356 4447 Niccolb
366 4393 400 4447 da
410 4395 491 4447 Prato
501 4393 544 4447 nel
556 4413 570 4443 <r
582 4394 645 4447 dare
693 4411 718 4463 p.
734 4391 776 4462 63.
