3232 5716
178 470 221 552 36
650 478 894 538 HISTORIA

176 724 274 785 catus,
298 728 337 772 eo
361 725 467 785 mane,
491 705 531 772 ad
549 727 659 794 regem
683 722 822 788 venerat,
847 727 975 794 parcere
1003 705 1116 795 nequit
1138 705 1205 772 irae
1223 728 1302 774 suae
1325 707 1371 773 in·

176 822 302 909 quiens:
332 820 409 887 «hic
428 819 468 888 de
486 843 553 909 quo
575 822 710 889 nuncius
733 822 791 889 iste
807 821 948 910 loquitur
963 840 1125 890 contratae
1141 839 1270 890 nostrae
1294 822 1371 890 olim
1400 825 1418 884 rl

175 936 350 1022 pessimum
362 936 460 1016 virus,
471 953 502 1002 et
516 935 614 1003 totius
627 934 837 1002 Lombardiae
850 933 903 1001 diu
913 934 1043 1002 bellicae
1055 935 1152 1024 pestis
1168 957 1264 1003 causa
1274 935 1370 1004 fuito.

176 1052 316 1118 Matteus
335 1050 464 1119 tandem
488 1050 593 1118 aulam
616 1052 700 1141 regis
720 1050 884 1132 accedens,
913 1068 1007 1139 atque
1037 1052 1069 1118 in
1093 1070 1270 1141 conspectu
1295 1075 1370 1119 con·

175 1167 332 1234 sultorum
347 1191 526 1257 procerum,
550 1166 654 1235 debita
672 1168 848 1235 reverentia
863 1164 945 1235 sacta
968 1166 1047 1256 regi,
1072 1167 1111 1234 ad
1129 1167 1286 1235 comitem
1298 1168 1369 1235 Phi·

174 1283 349 1374 lipponem,
373 1309 470 1374 quem
494 1283 578 1352 haud
602 1284 699 1372 longe
730 1307 747 1349 a
770 1284 866 1352 latere
889 1284 975 1372 regis
998 1282 1088 1366 vidit,
1112 1286 1212 1352 tensis
1237 1283 1369 1352 brachiis

174 1402 276 1470 tendit
290 1402 406 1490 ipsum,
421 1403 447 1469 si
462 1402 606 1490 patiatur,
621 1399 769 1488 amplecti
789 1401 913 1467 volens.
959 1422 1075 1467 verum
1090 1400 1170 1468 dum
1190 1418 1302 1471 comes
1319 1401 1370 1470 be·
1394 1417 1418 1481 19

174 1517 273 1602 nigne
291 1512 451 1580 offerentis
476 1510 660 1600 amplexum
679 1509 760 1600 fugit
784 1513 816 1580 in
841 1510 935 1580 aliam
954 1531 1078 1601 partem
1101 1537 1171 1582 sese
1196 1514 1370 1605 volvens!

174 1630 260 1720 quod
284 1629 412 1697 humilis
427 1628 592 1716 prudentia
611 1648 642 1695 et
657 1627 796 1716 prudens
811 1629 963 1717 patientia
980 1630 1059 1697 tanti
1078 1630 1149 1713 viri,
1168 1630 1224 1697 illo
1238 1631 1273 1685 (¹)
1287 1654 1368 1714 casu,

174 1745 278 1834 potuit
297 1767 315 1810 a
333 1766 367 1810 se
386 1742 471 1810 fecit.

240 1862 327 1930 Nam
351 1861 490 1927 Matreus
513 1857 707 1946 indignantis
742 1861 867 1927 comitis
891 1860 985 1944 latus,
1004 1860 1147 1952 benigno
1171 1862 1276 1944 vultu,
1307 1885 1369 1930 am·

172 1977 284 2065 plexus
304 1994 352 2043 est
367 1975 530 2063 inquiens:
560 1998 674 2044 «nunc
692 1994 818 2063 tempus
842 1995 890 2043 est
913 1976 1057 2044 oblivisci
1080 2000 1163 2066 quae
1179 1978 1266 2045 mala
1286 1996 1367 2060 sunt,
1393 1992 1418 2057 19

174 2112 205 2159 et
219 2093 305 2180 pacis
328 2092 416 2179 sequi
434 2091 532 2171 viam,
553 2108 587 2158 ut
606 2089 679 2158 inde
699 2089 793 2157 nobis
816 2093 892 2180 ipsis
911 2093 1004 2160 utiles
1027 2092 1213 2181 placeamus
1234 2092 1368 2161 domino

173 2226 284 2275 nostro
308 2206 386 2296 regi,
407 2206 495 2273 cuius
519 2204 684 2288 adventus,
708 2208 734 2273 si
757 2206 836 2295 quid
859 2207 953 2275 nobis
976 2207 1070 2276 fuerit
1092 2210 1195 2297 pensi,
1217 2210 1291 2299 quis
1314 2210 1370 2278 du·

174 2324 261 2404 bitat,
280 2321 358 2410 quin
376 2320 416 2388 sit
435 2338 566 2387 nostrae
580 2321 694 2408 quietis
706 2340 737 2387 et
748 2321 833 2388 vitae
853 2342 948 2388 causa
960 2322 974 2388 ?
985 2349 1002 2385 s
1052 2322 1188 2391 adhaec
1206 2325 1368 2392 Antonius

174 2439 213 2506 de
228 2437 393 2525 Fissimga,
410 2435 469 2501 hos
487 2434 624 2503 humiles
640 2435 751 2502 Mataei
772 2437 938 2525 amplexus
954 2457 985 2504 et
1000 2437 1067 2526 ipse
1087 2438 1234 2522 reiciens,
1254 2440 1289 2507 in
1306 2459 1368 2506 tam

173 2554 328 2622 humilem
344 2571 376 2620 et
390 2571 595 2620 mansuetum
611 2553 715 2619 virum
731 2553 870 2620 nimium
884 2555 1010 2642 procaci
1026 2576 1177 2623 sermone
1194 2578 1285 2638 usus,
1299 2555 1368 2623 talia
1391 2567 1418 2616 rc

172 2692 254 2737 voce
272 2690 365 2734 rauca
383 2665 501 2734 reddit:
530 2668 691 2748 «Mattee‚
707 2668 837 2749 Mattee,
852 2669 923 2756 quis
945 2687 1013 2736 tarn
1031 2671 1155 2757 patiens
1180 2693 1250 2738 uon
1267 2670 1369 2739 turbe·

172 2803 232 2868 tur,
247 2785 272 2850 si
289 2802 320 2850 et
336 2804 406 2861 vos,
418 2782 473 2871 qui
493 2781 642 2849 omnium
658 2804 739 2870 quos
754 2800 835 2849 terra
851 2784 987 2851 sustinet
1002 2781 1134 2872 pessimi
1149 2786 1238 2866 estis,
1251 2787 1367 2876 quique

171 2899 273 2968 fuistis
297 2899 395 2966 totius
418 2897 518 2965 Italici
543 2919 634 2965 causa
658 2897 745 2978 mali,
769 2897 910 2986 dumque
933 2901 1088 2989 regnastis
1112 2899 1232 2969 nullius
1256 2901 1266 2991 l
1287 2901 1367 2969 urbis

172 3017 257 3084 cives
272 3015 467 3103 requiescere
479 3014 676 3102 permisistis,
692 3013 781 3080 velut
797 3015 981 3082 communis
994 3014 1255 3085 Lombardomm
1272 3019 1367 3107 pestis

171 3156 203 3204 et
223 3136 334 3218 hostis,
349 3136 467 3225 quique
486 3131 599 3215 fuistis,
613 3133 807 3222 ubicumque
819 3135 923 3222 attigit
937 3157 1051 3202 manus
1066 3153 1181 3218 vestra,
1202 3136 1375 3225 publicum·
1392 3141 1418 3192 2(

170 3275 282 3320 semen
302 3250 385 3331 belli,
405 3273 517 3339 pacem
541 3249 691 3337 quaeritis
710 3268 741 3316 et
759 3250 919 3337 quietem!
966 3273 1089 3332 nonne,
1104 3250 1184 3318 dum
1208 3252 1368 3341 potuistis,

172 3368 382 3438 conlundistis
406 3385 437 3433 et
461 3365 670 3434 conturbastis
693 3365 853 3432 mundum
877 3385 909 3433 et
932 3368 1097 3435 neminem
1120 3369 1313 3456 permisistis
1335 3369 1368 3436 in

170 3482 297 3573 pace?u
348 3499 379 3548 at
414 3480 466 3547 ille
491 3480 665 3548 humiliter:
704 3498 860 3568 «tempus
894 3499 952 3562 est,
975 3481 1088 3568 inquit,
1123 3482 1217 3549 malis
1252 3483 1368 3551 nostris

170 3599 269 3667 finem
290 3597 497 3686 imponere».
544 3593 711 3662 subridens
731 3595 836 3684 itaque
855 3617 910 3661 rex
930 3595 991 3661 ait:
1020 3596 1113 3663 «iam
1132 3596 1217 3664 inter
1240 3621 1303 3666 vos
1322 3597 1367 3664 di-

170 3713 268 3781 midia
286 3735 347 3800 pax
369 3711 451 3777 facta
470 3729 517 3776 est
529 3735 559 3776 u.
1395 3719 1416 3768 2

237 3828 334 3895 Tunc
358 3828 498 3915 primum
516 3849 572 3892 rex
589 3825 748 3893 Matteum
767 3845 799 3893 et
819 3844 960 3893 caeteros
975 3824 1211 3894 Gibellinorum
1235 3830 1369 3897 exulum

170 3943 327 4035 principes
350 3942 505 4032 propitios
526 3940 647 4022 habuit,
666 3964 702 4008 ac
727 3941 861 4008 consilio
885 3963 945 4007 suo
968 3941 1013 4008 uti
1038 3942 1153 4030 coepit.
1200 3942 1291 4030 quod
1315 3943 1368 4012 ubi

171 4084 281 4130 comes
301 4079 332 4128 et
355 4060 516 4127 Antonius
540 4077 571 4126 et
591 4058 717 4144 Symon
737 4056 777 4123 de
797 4056 980 4126 Colobiano
1010 4057 1255 4127 Advocatorum
1275 4058 1368 4127 fami·

171 4179 229 4245 liae
245 4177 365 4266 primus
382 4194 476 4264 atque
489 4175 521 4241 in
533 4173 686 4240 Vercellis
706 4172 902 4261 Guelphieae
914 4173 1009 4261 partis
1026 4172 1090 4241 dux
1108 4197 1248 4256 sensere,
1265 4178 1368 4258 omui,

170 4319 268 4384 quam
288 4296 321 4361 in
340 4317 414 4382 rege
430 4291 556 4383 (spem)
575 4289 759 4369 habuerant,
773 4313 828 4378 spe
843 4290 956 4378 posita,
966 4312 1023 4357 sua
1038 4290 1072 4356 in
1088 4291 1264 4380 pemiciem
1283 4295 1367 4382 regis
1393 4295 1418 4344 2

171 4412 303 4480 consilia
320 4430 396 4476 tunc
410 4410 419 4497 l
435 4409 574 4496 primum
595 4407 768 4473 mutavisse
784 4405 934 4473 feruntur.
980 4406 1106 4493 quibus,
1123 4412 1367 4477 communicato

172 4527 307 4595 consilio
331 4525 437 4592 utilius
461 4524 566 4589 visum
590 4540 648 4603 est,
667 4521 693 4586 si
717 4543 814 4608 quam
838 4523 922 4587 viam
947 4520 1082 4588 viderint
1099 4521 1162 4588 alio
1180 4545 1280 4610 quam
1300 4527 1367 4593 Me

224 4797 256 4850 (a)
271 4794 310 4837 Ab
324 4793 370 4836 ullo
