3142 5730
585 500 617 553 l.
644 498 703 556 DE
731 500 1045 558 CBRMENATE.
1342 504 1401 573 ¹45

217 713 294 783 ideo
308 714 439 787 dubiem
457 718 576 787 civium
592 716 691 787 fidem
707 720 824 789 timens
842 720 1058 810 frequentibus
1071 723 1207 805 nunciis,
1222 745 1288 791 non
1303 723 1404 792 modo

219 832 412 919 genitorem,
425 833 529 903 immo
552 856 630 902 vero
648 835 772 923 saepius
794 836 849 924 qui
866 837 934 903 eius
952 835 1152 926 frequentant
1166 838 1201 893 (¹)
1228 838 1333 906 aulem
1352 860 1404 907 so·

221 942 326 1028 licitat,
339 963 377 1017 ut
391 946 450 1015 sibi
467 946 628 1019 destinent
644 948 759 1019 saltem
776 950 921 1038 equitum
934 950 1112 1020 subsidium
1129 969 1251 1040 petens.
1296 953 1403 1045 itaque

169 1079 203 1128 ro
222 1082 340 1150 magns
356 1063 501 1151 equitum
515 1062 616 1145 turba,
632 1063 745 1153 quibus
761 1065 946 1133 Franciscus
963 1065 1004 1134 de
1022 1066 1226 1155 Garbagnate
1241 1086 1273 1136 et
1288 1069 1404 1137 Parius

225 1175 463 1249 Hermeuzauus
469 1178 566 1249 duces
578 1178 641 1249 dati
652 1180 778 1263 suntin
788 1181 887 1270 ipsius
897 1181 982 1250 urbis
994 1180 1172 1251 subsidium
1184 1183 1290 1267 missa,
1305 1206 1404 1274 prope

227 1290 309 1360 tarda
340 1290 410 1373 firit,
432 1292 513 1363 dum
547 1294 585 1363 ab
609 1294 752 1363 hostibus
770 1295 946 1365 retinentur
969 1295 1009 1364 ad
1042 1295 1163 1365 flumen
1188 1297 1265 1365 Padi
1284 1300 1404 1388 equites

228 1407 332 1490 nostri,
339 1428 479 1497 quorum
491 1408 676 1479 abeuntium
685 1411 827 1500 vestigiis
837 1411 1025 1485 insistebant
1034 1411 1173 1501 Guelphi
1182 1432 1404 1503 persequentes

229 1520 368 1593 elucere
378 1522 415 1579 (⁶)
425 1522 494 1612 ripe
513 1523 602 1595 Padi.
647 1547 760 1595 verum
773 1526 932 1595 francisci
948 1525 1075 1593 solertia
1090 1524 1206 1594 fallitur
1223 1527 1334 1611 bostis,
1352 1529 1406 1617 qui

185 1654 210 1720 ις
230 1656 295 1707 aute
304 1638 539 1709 occasumsolis
550 1662 670 1729 ponere
684 1658 783 1709 castra
793 1641 957 1722 simulans,
966 1642 1065 1730 signis
1075 1642 1108 1709 in
1122 1641 1222 1711 bostis
1233 1662 1404 1732 conspectu

230 1753 405 1825 eruentibus
423 1773 456 1825 et
474 1754 663 1825 micantibus
680 1755 822 1845 undique
839 1754 954 1824 crebris
972 1754 1052 1824 focis
1071 1773 1142 1823 tota
1159 1774 1264 1843 nocte,
1280 1758 1405 1826 interint

231 1890 297 1937 mm
317 1870 409 1941 omui
432 1871 577 1959 equitum
593 1869 709 1939 robore
726 1892 782 1959 pet
798 1871 997 1959 campaniam
1016 1889 1191 1953 semotum,
1211 1892 1246 1937 ac
1265 1869 1404 1961 aliquan·

231 1982 324 2053 tulum
344 1986 454 2074 aripa
475 1982 606 2068 distans,
627 1983 826 2053 iterfaciens
847 1985 945 2075 longe
968 1984 1007 2052 ab
1034 1984 1133 2053 illusis
1157 1984 1301 2054 hostibus
1323 2002 1404 2053 tran

231 2097 379 2169 reundum
396 2097 521 2169 flumen
538 2100 661 2188 repetit.
705 2099 761 2187 ubi
779 2099 931 2167 obscurae
951 2099 1055 2167 noctis
1074 2097 1231 2167 beneficio
1253 2099 1307 2165 vix
1330 2116 1403 2167 ants

184 2226 212 2274 2⁰
230 2211 367 2283 odiosam
389 2236 428 2283 ac
448 2215 508 2283 sibi
525 2215 663 2285 nimium
680 2215 885 2304 praecipitem
900 2216 1003 2283 visam
1021 2214 1137 2296 lucem,
1150 2236 1217 2282 non
1239 2214 1308 2285 sine
1333 2214 1403 2281 ino·

230 2330 328 2417 picato
338 2329 630 2419 timoretrtpaucis
646 2330 780 2399 navibus
797 2348 962 2399 transeunt
976 2328 1112 2398 Padum.
1156 2331 1309 2419 quoniam
1325 2329 1402 2397 dum

230 2466 330 2513 veram
354 2444 539 2513 ulteriorem
559 2444 663 2533 ripam
696 2445 835 2533 attigisse
866 2443 1009 2527 credunt,
1033 2445 1067 2511 in
1091 2443 1223 2532 longam
1253 2461 1286 2511 et
1307 2442 1403 2513 latam

228 2556 361 2629 fluminis
383 2558 521 2629 insulam
549 2582 586 2627 se
611 2558 812 2629 descendisse
840 2560 1012 2647 reperiunt.
1057 2560 1202 2647 oportuit
1230 2560 1334 2649 itaque
1355 2581 1404 2626 re-

226 2692 310 2763 perto
340 2697 448 2745 errore
479 2673 672 2743 circumduci
696 2696 794 2742 naves
826 2693 858 2742 et
881 2674 1016 2743 alterum
1037 2696 1164 2742 ramum
1186 2673 1327 2742 fluminis
1349 2698 1401 2743 su·

169 2800 200 2866 ²5
224 2812 338 2877 pecare
383 2806 524 2859 attamen
545 2790 633 2879 prius
662 2789 844 2878 supervenit
879 2787 1084 2857 manifestans
1118 2788 1247 2857 illusum
1273 2788 1399 2857 hostem

225 2903 302 2973 clm
330 2902 411 2987 dies,
428 2926 525 2993 quam
545 2926 661 2973 omnes
683 2927 702 2971 e
724 2903 858 2971 mribus
879 2904 1001 2992 equites
1020 2905 1052 2970 in
1075 2902 1211 2971 solidam
1234 2926 1270 2971 sc
1298 2922 1398 2971 tutam

221 3020 343 3089 exirent
351 3020 467 3108 ripam.
503 3038 535 3087 at
545 3018 776 3088 ubisensemnt
790 3018 930 3107 Guelpbi
944 3017 1120 3087 subsidium
1136 3018 1280 3107 equitum
1295 3038 1314 3083 ι
1330 3019 1399 3085 Mo·

220 3134 350 3205 diolano
372 3134 510 3203 missum
536 3136 667 3225 repertis
691 3134 877 3203 abeuntium
896 3135 1036 3222 vestigiis
1058 3134 1092 3201 in
1110 3156 1201 3201 suam
1224 3134 1323 3221 ripam
1343 3132 1402 3199 flu·

219 3252 315 3321 minis
343 3251 494 3332 evasisse,
518 3251 592 3334 boc,
614 3273 674 3319 nec
695 3273 764 3319 non
781 3269 819 3318 ut
844 3249 958 3318 urbem
979 3250 1182 3331 intraverant,
1201 3248 1351 3315 nunciato
1370 3248 1401 3313 in

170 3381 192 3427 ο
218 3366 371 3449 exercitu,
399 3366 550 3433 timentes
570 3388 614 3433 ne
642 3364 761 3432 recenti
792 3384 943 3431 succursus
965 3364 1110 3453 equiturn
1142 3382 1272 3451 sumpto
1294 3359 1403 3429 aniano

217 3482 316 3551 iratm
337 3480 507 3549 obsidium
534 3480 634 3549 ltost'u
656 3496 845 3568 ertrmperet,
866 3478 951 3546 illico
972 3498 1128 3547 recessere
1151 3476 1162 3527 t
1165 3488 1197 3543 ¹1.
1244 3496 1279 3545 ut
1304 3475 1404 3543 sensit

216 3596 335 3667 Galeas
352 3595 516 3676 aberrmes,
538 3618 582 3663 au
598 3596 755 3663 temerarii
778 3592 957 3673 audadsve,
975 3616 1015 3659 an
1038 3593 1106 3659 sani
1130 3590 1254 3659 consilii
1273 3588 1400 3657 Franci·

216 3733 289 3779 scus
305 3710 391 3779 foret
411 3710 490 3779 scire
508 3710 631 3792 volens,
652 3710 756 3799 inquit
783 3708 861 3775 sibi:
881 3734 898 3769 c
912 3706 1146 3795 enrmpendunt
1166 3724 1226 3787 est,
1244 3726 1285 3773 ne
1308 3704 1400 3773 uobis

215 3823 416 3915 torpentibus
426 3823 770 3893 abmtnmsecmi».
805 3844 917 3891 return
928 3842 1048 3902 nmen,
1059 3820 1207 3889 laudante
1218 3820 1398 3899 Francius,
1474 3902 1479 3911 Ι

268 4014 564 4074 (ι)Μν.ῐιηιιωιιδιιιι
615 4014 785 4071 <bunnia
836 4014 939 4071 (sputu
961 4024 1045 4069 parm

251 4204 296 4275 (r)
326 4202 364 4259 G.
407 4202 545 4267 Fum,
589 4202 688 4276 lamp.
726 4203 787 4274 flur.
832 4214 900 4255 «tas
911 4200 1026 4256 civitam
1041 4197 1226 4254 Terinnemie
1240 4196 1342 4253 bellam
1355 4214 1399 4269 pe

215 4303 330 4355 cecam,
354 4302 407 4359 723
435 4304 453 4342 e
478 4286 789 4357 mendesius&
832 4286 908 4341 «rie
943 4282 1071 4339 Cuiiiie:
1095 4288 1315 4355 “perstarem
1335 4280 1399 4337 lim

216 4373 310 4427 leano
323 4371 605 4443 inseguiuinemiei
619 4372 679 4425 sino
692 4390 708 4423 ι
720 4370 789 4424 'scc-
833 4370 920 4441 ‘5³²³
935 4368 1017 4421 lvdie
1036 4380 1076 4421 eat
1094 4366 1192 4421 lettres.
1212 4364 1400 4419 eontrarium

215 4468 297 4513 mua:
313 4457 448 4513 «consa
464 4472 547 4526 qm
564 4456 707 4525 ttgm
721 4456 787 4509 Dei·
832 4474 847 4501 ι
858 4452 944 4507 ancti
962 4452 1092 4505 bibam
1110 4452 1246 4523 imprbus
1260 4450 1285 4503 ”,
1310 4448 1342 4503 ιιι
1361 4448 1399 4501 eit.

217 4539 328 4595 «finum
349 4540 386 4593 de
408 4536 530 4609 Vitam)
553 4538 654 4593 sulm
672 4539 787 4593 'u'izecrr
832 4542 997 4593 «intutam
1012 4554 1088 4591 maer.
1104 4538 1217 4591 feriit»,
1252 4534 1403 4589 neme»

218 4640 302 4678 «mes
318 4622 477 4679 munnae
495 4622 621 4676 domina
638 4624 786 4676 aazias
832 4624 927 4677 mia
944 4622 973 4675 {a
989 4634 1057 4675 τε),
1072 4620 1097 4673 lc
1113 4622 1177 4673 aive
1195 4618 1400 4673 ussermann:

219 4718 409 4779 ιωιιμῳις
422 4705 788 4777 umerumtegie
833 4706 873 4761 td
886 4720 995 4777 tempu
1009 4704 1181 4767 stratur„
1195 4720 1238 4769 op.
1255 4704 1299 4755 αἰ,
1316 4698 1348 4765 7.,
1362 4700 1393 4769 ’,9,

219 4811 235 4839 ι
244 4790 469 4865 insequitureum
478 4789 589 4855 Calas
601 4806 630 4846 ea
640 4806 789 4864 superpor-

324 4911 343 4955 1.
357 4910 387 4955 de
400 4910 544 4957 cnm.
1270 4916 1297 4949 ts
