3142 5730
386 389 447 441 102
849 389 1097 447 HISTORIA

445 606 566 676 XLVI.
614 606 766 688 «Video.
783 607 932 699 equidem
954 631 1017 679 vos
1047 632 1086 677 ac
1116 631 1256 698 quorum
1286 609 1422 679 mandata
1478 612 1486 628 '

381 740 526 811 promtus
545 721 670 790 animos
689 721 804 791 habere
826 741 937 792 contra
953 723 1077 807 hostes,
1089 725 1147 814 qui
1165 723 1374 793 lombardiae
1395 748 1428 792 ac
1441 726 1504 799 tob!

382 835 489 906 ltaliae
511 854 629 907 statum
650 836 775 907 turbare
801 839 954 921 nituntur,
972 839 1092 929 quique
1109 837 1266 928 impedire
1288 856 1424 928 satagunt
1443 840 1508 909 uacui

383 952 467 1042 regis
485 952 563 1022 iura.
608 975 721 1022 verum
746 954 852 1023 omnis
875 952 1017 1023 conditio
1035 953 1120 1036 belli,
1136 955 1324 1043 praesertim
1347 971 1510 1044 nomque

380 1067 412 1135 in
434 1084 484 1136 tot
497 1066 531 1124 (²)
545 1085 647 1157 partes
665 1065 793 1156 pendet,
810 1068 950 1159 postulat
965 1087 1002 1138 ut
1023 1091 1091 1139 non
1109 1067 1211 1137 modo
1233 1067 1348 1151 semel,
1363 1070 1452 1137 imuro
1462 1090 1511 1139 ote

379 1183 468 1253 tinua
485 1181 668 1253 deliberatio
687 1182 752 1253 fiat.
797 1208 857 1254 nec
877 1184 954 1274 quid
977 1184 1140 1274 agendum
1161 1185 1202 1253 sit
1223 1184 1299 1253 heic
1326 1185 1467 1253 terminari
1482 1207 1512 1255 a

380 1292 493 1367 ciimm
520 1317 612 1386 putu,
634 1321 710 1367 cum
731 1321 817 1369 nova
839 1298 982 1389 quotidie
998 1299 1154 1389 pullulent
1168 1300 1235 1368 iure
1253 1298 1330 1367 belli
1350 1322 1427 1388 quae
1442 1299 1516 1388 pauci

378 1413 497 1483 arbitris
520 1413 761 1485 determinanda
779 1433 862 1485 sunt.
907 1437 979 1485 raro
997 1417 1118 1485 etenim
1141 1438 1224 1505 quae
1242 1416 1277 1483 in
1293 1416 1423 1504 negotiis
1436 1414 1517 1483 bellici

379 1527 619 1598 diudeliberata
641 1551 784 1613 manent,
812 1552 907 1600 suum
928 1530 1102 1600 sortiuntur
1130 1529 1289 1612 effectum,
1319 1529 1426 1619 quibus
1451 1528 1518 1597 nula

379 1647 519 1714 maxime
542 1648 694 1735 temporis
717 1647 881 1716 intervalla
902 1670 1017 1716 nocere
1039 1666 1184 1736 possunt
1228 1645 1286 1716 fiat
1314 1649 1414 1735 itaque
1437 1666 1519 1714 censeo

379 1760 525 1851 frequens
543 1761 726 1832 deliberatio
744 1764 778 1832 in
797 1763 886 1832 factis
901 1763 1029 1846 nostris,
1042 1762 1096 1830 ubi
1118 1763 1153 1831 in
1172 1761 1239 1831 dies
1263 1761 1393 1851 pullulat
1409 1760 1519 1850 frequens

378 1898 409 1947 ct
431 1878 553 1948 subitus
576 1897 667 1948 casus
696 1878 779 1948 belli.
824 1896 983 1968 praeterea
1006 1901 1079 1947 cum
1108 1900 1173 1967 quo
1196 1877 1249 1946 bic
1277 1877 1377 1945 nostri
1396 1875 1454 1944 dux
1470 1872 1519 1941 bell

352 2026 355 2033 ·
378 1993 548 2061 consilium
567 1991 713 2082 frequens
732 1992 846 2061 habeat
861 1993 910 2078 (δ),
928 1993 1041 2062 saltem
1060 2015 1161 2061 unum
1179 2015 1219 2061 ex
1236 1990 1422 2080 primoribus
1436 1988 1520 2057 nosris

379 2106 437 2174 sibi
460 2107 602 2178 dandum
632 2126 721 2196 puto,
746 2109 797 2176 cui
819 2108 960 2176 maxima
982 2129 1055 2176 cura
1072 2107 1114 2174 sit
1136 2107 1278 2174 hostium
1302 2104 1480 2175 conditiones
1500 2119 1534 2169 ct·

379 2243 447 2290 acta
464 2225 552 2293 scire.
599 2223 633 2291 hi
648 2223 713 2293 duo
732 2223 861 2312 plenam
879 2220 1055 2311 exequendi
1074 2239 1265 2311 potestatem
1283 2221 1424 2289 babeant.
1460 2229 1558 2293 nuuc15

378 2337 483 2426 itaque
506 2338 599 2407 vobis
618 2362 685 2407 non
704 2337 804 2407 modo
827 2337 949 2420 utilem,
964 2337 1066 2404 immo
1089 2337 1301 2406 necessarium
1320 2335 1520 2419 nominaque

380 2455 464 2524 aium
487 2455 564 2544 quin
583 2473 615 2523 et
637 2477 696 2522 vos
715 2477 845 2524 mecum
863 2455 896 2522 in
919 2454 1075 2523 sententia
1093 2452 1160 2521 sitis
1175 2473 1242 2520 non
1262 2449 1383 2532 dubito,
1400 2450 1521 2517 Matrem

377 2568 495 2637 scilicet
518 2569 761 2637 Vicecomitem.
806 2569 876 2657 quis
899 2568 976 2636 alius
1002 2566 1143 2637 hostium
1162 2566 1244 2635 facta
1261 2564 1374 2633 novit?
1415 2561 1472 2651 quis
1489 2559 1522 2623 iu

376 2683 471 2752 sidius
494 2683 639 2753 hostibus
669 2684 797 2754 tendere
820 2683 962 2753 studium
985 2683 1101 2772 ponit?
1144 2682 1196 2750 hic
1218 2681 1427 2770 speculatores
1447 2700 1475 2744 ac
1490 2694 1523 2740 re

378 2798 569 2868 l'crendarios
602 2822 657 2888 per
687 2799 830 2868 hostium
861 2799 977 2868 domos
1003 2816 1100 2882 tenet,
1130 2797 1181 2865 hic
1204 2782 1394 2866 tractatuum
1415 2797 1563 2880 tempora2⁰

376 2915 572 2984 executionis
602 2933 755 3002 expectat.
812 2914 944 2984 demum
974 2914 1039 2982 suis
1067 2912 1206 2981 vivimus
1238 2911 1340 2979 oculis
1368 2910 1526 3000 quicunque

376 3031 554 3100 tiibulliuae
571 3027 716 3100 factionis
728 3053 838 3100 sumus
855 3057 886 3098 u.
932 3030 1037 3100 cuncti
1052 3028 1209 3097 Francisci
1220 3025 1311 3095 dictis
1324 3025 1528 3096 obmutescunt

376 3168 405 3215 er
436 3170 518 3237 quae
549 3145 671 3215 dixerat
694 3169 768 3214 sera
789 3168 858 3215 esse
882 3143 1033 3227 fatentur3
1052 3146 1167 3234 quippe
1189 3166 1229 3213 eo
1252 3164 1398 3232 tempore
1422 3142 1532 3210 blatteus

375 3284 563 3331 craticiorum
594 3261 724 3330 exulum
756 3261 993 3332 Gibellinorum
1024 3261 1135 3329 unicus
1162 3258 1384 3329 reconciliator
1407 3247 1535 3342 ermol

375 3399 455 3443 riuus
486 3396 615 3446 cunctas
640 3378 816 3446 amicorum
840 3398 876 3445 ac
899 3376 1061 3444 sociorum
1085 3374 1237 3443 factiones
1261 3393 1292 3441 et
1314 3374 1473 3462 impensas
1496 3369 1563 3457 prol

374 3513 460 3579 pute
478 3492 635 3560 tlibulliuu
653 3494 685 3560 iu
705 3491 844 3581 partibus
864 3490 1075 3558 lombardiae
1091 3509 1167 3558 tunc
1185 3488 1313 3557 ferebat.
1361 3488 1440 3557 haec
1454 3488 1543 3574 itaque

374 3607 652 3676 crruuilamlrmus
663 3606 796 3696 syndici.
827 3603 1544 3676 comesVarneriusillicovenitadcoenobium

374 3736 503 3789 taurum
533 3724 782 3792 llumilirturum
810 3724 849 3792 de
872 3722 1098 3791 Vicoboldono
1114 3722 1148 3776 (ς)
1163 3721 1208 3803 (¹),
1233 3720 1339 3809 ibique
1363 3719 1547 3809 colloquium

374 3837 480 3905 lrrlurit
506 3861 580 3906 curu
603 3840 735 3913 blatteo,
756 3862 865 3906 sertim
885 3837 1058 3905 deliberans
1074 3836 1149 3925 quid
1169 3836 1328 3926 agendum
1352 3836 1401 3903 sit.
1449 3854 1548 3902 verum

373 3972 400 4019 et
429 3954 573 4023 lrostilurs
597 3977 652 4021 sua
677 3953 809 4021 marsilia
836 3973 929 4037 sunt3
953 3977 1028 4021 nam
1051 3954 1234 4023 Passarinus
1257 3950 1296 4020 de
1315 3951 1345 4018 la
1363 3950 1480 4030 Turre,
1502 3969 1549 4038 po

375 4088 471 4135 testas
502 4071 695 4145 t‘ruurourc.
711 4091 747 4137 ac
764 4069 955 4137 Guillelmus
980 4068 1177 4138 Cavalcabos
1208 4091 1281 4136 cum
1305 4084 1393 4155 parte
1416 4067 1456 4134 de
1475 4067 1551 4133 Fon-

424 4312 453 4359 ,υ
469 4318 518 4351 nuru
538 4317 612 4360 partes
628 4318 650 4349 re
672 4307 734 4351 llam
757 4319 778 4349 ut
794 4316 826 4351 tot
841 4314 914 4361 ructes
925 4312 963 4349 tra
982 4307 1003 4348 lr
1029 4305 1201 4349 l'ora'outes
1223 4303 1384 4348 lectiones
1466 4302 1554 4357 (bleon-

371 4390 395 4426 ,ιε
408 4400 444 4427 „tu
460 4390 537 4431 aarum
550 4402 573 4425 a
590 4388 632 4431 lta·
653 4424 656 4429 .
678 4387 782 4443 timueris
797 4400 821 4429 re
850 4387 1024 4430 l'arr'aater
1046 4386 1220 4430 lectiones.
1297 4384 1328 4439 (c)
1344 4383 1393 4434 Bb,
1407 4382 1467 4426 Mur.
1483 4379 1555 4424 Vibol·

369 4470 428 4508 ‚caup

422 4670 463 4729 qil
485 4668 504 4719 ll
532 4681 680 4723 ruruurteut
699 4670 770 4737 dupli
792 4668 914 4723 llurillrtl
935 4669 960 4720 ili
980 4667 1133 4722 t'tuotdone
1152 4684 1244 4739 presso
1264 4667 1376 4720 Milano.
