3142 5730
58 464 102 531 74
531 457 781 516 nrsroura

59 681 199 751 Matteus
221 679 422 761 Vicecomes,
451 677 507 767 qui
529 698 630 768 usque
652 677 694 746 ad
715 676 726 769 Ι
746 700 825 747 eum
848 677 936 749 diem
960 681 1083 749 caeteris
1102 684 1202 768 tyranni

58 798 188 888 propior
201 795 236 851 (¹)
258 796 327 886 regi
349 813 483 878 rexerat,
498 796 620 865 cunctis
642 792 708 864 fere
724 794 909 886 Liguribus,
931 819 1068 886 quorum
1079 797 1202 888 pleresque

59 912 208 981 maximis
227 909 388 980 beneficiis
403 909 545 999 placasse
559 907 721 992 debuerat,
734 911 834 981 etiam
848 909 1035 982 domesticis
1049 931 1079 980 et
1091 912 1202 1001 proximis

59 1027 136 1109 suis,
158 1046 240 1115 quos
263 1023 414 1092 maximis
429 1022 569 1112 expleret
592 1022 722 1104 divitiis,
743 1041 875 1104 temere,
899 1025 1044 1094 sednon
1063 1024 1202 1115 impuueii

60 1140 311 1233 procurantibus,
335 1139 472 1209 Melzico
495 1161 610 1228 campo
636 1136 799 1222 confusus,
822 1139 914 1209 nullo
937 1160 1040 1210 marte
1064 1143 1215 1225 comn'mc,

61 1280 119 1327 sua
140 1256 249 1326 nescio
271 1257 387 1325 virtute
409 1277 451 1323 an
472 1256 612 1344 ignavia,
630 1255 699 1324 sine
721 1253 788 1325 ullo
812 1276 946 1325 suorum
966 1258 1102 1340 vulnere,
1119 1258 1203 1347 integat

61 1394 164 1462 regno
176 1370 270 1442 cessit
283 1370 329 1438 (l).
364 1387 396 1441 et
405 1369 563 1440 Turrima
578 1369 695 1440 domus
706 1370 804 1453 illico,
812 1368 943 1441 fortuna
953 1373 1091 1457 volente,
1103 1372 1202 1443 decade

63 1487 144 1557 facta
167 1486 255 1567 civis,
273 1484 503 1555 Ambrosianae
521 1483 607 1554 urbis
630 1483 811 1555 dominium
833 1487 956 1576 accepit
973 1487 1008 1544 (θ)
1010 1488 1203 1576 ,ociusqun
1156 1484 1227 1556 un]

64 1598 280 1691 opinabatur,
271 1599 369 1689 rpsius
383 1599 533 1671 novitatis
544 1596 678 1668 stolidus
694 1616 804 1669 auctor
815 1600 929 1670 Petrus
937 1602 1120 1671 Vrcecomes
1129 1619 1203 1670 etut-
1224 1626 1227 1659 ε

63 1739 128 1805 gna
145 1738 216 1805 pars
231 1714 387 1784 nobilium
403 1713 528 1784 aemula
543 1714 657 1805 suique
672 1712 777 1782 boni
768 1716 948 1805 impatiens.
995 1740 1103 1787 vertum
1114 1696 1227 1797 incudi

64 1856 100 1900 ac
119 1832 230 1901 divino
249 1830 366 1901 iudicio
386 1830 537 1903 accidisse
550 1854 632 1915 reor,
651 1830 739 1921 quod
753 1832 789 1886 (t)
803 1830 919 1904 stolida
931 1832 1204 1923 nobiliumparslle

65 1945 183 2017 diolani
202 1945 289 2014 hunc
307 1947 511 2016 temerarium
533 1963 641 2016 secuta
662 1943 790 2028 ducem,
808 1946 895 2016 illico
913 1948 1003 2039 quod
1020 1949 1031 2039 l
1046 1965 1163 2038 gesserat
1175 1966 1205 2013 re

66 2063 221 2152 cognovit
239 2084 298 2131 suo
316 2061 437 2131 damno
447 2061 492 2143 (f),
508 2083 658 2151 quorum,
674 2080 747 2151 post
760 2063 839 2133 tanti
854 2065 1004 2154 principis
1021 2063 1207 2154 depositionem

64 2180 198 2269 quisque
221 2201 364 2267 regnare,
385 2196 438 2247 aut
461 2200 536 2246 cum
558 2179 700 2247 maxima
721 2177 840 2249 laetitia
861 2180 1068 2269 regnantibus
1086 2178 1207 2247 amares

66 2292 212 2364 credebat
229 2294 274 2359 (ὅ).
320 2293 364 2376 hi,
372 2311 544 2383 postquam
562 2292 690 2363 delusos
708 2314 746 2363 ac
765 2317 821 2364 sua
840 2317 937 2384 opera
952 2295 989 2351 θ’)
1007 2293 1153 2364 frmuaos
1165 2308 1227 2365 sest]

66 2408 220 2492 viderant,
245 2427 355 2478 contra
378 2407 572 2477 Turrianam
594 2408 742 2492 domum,
765 2427 800 2479 ut
821 2408 869 2493 fit,
888 2409 929 2480 ad
951 2433 987 2480 se
1009 2411 1167 2491 redeuntes,
1181 2426 1209 2471 st

66 2523 173 2594 cundo
201 2524 380 2613 conspirare
408 2541 591 2614 coeperunt.
637 2542 748 2593 contra
778 2547 855 2595 vero
881 2524 1046 2607 Turriani,
1064 2544 1098 2596 ut
1118 2542 1210 2614 perpen-

66 2638 180 2707 derunt
206 2661 281 2709 suae
305 2638 453 2708 factionis
482 2639 574 2722 vires,
593 2656 629 2707 ut
653 2641 702 2711 sui
731 2639 851 2729 antiqui
880 2641 981 2710 moris
1007 2659 1083 2724 erat,
1100 2642 1129 2709 in
1143 2655 1210 2707 utun

66 2752 189 2822 trahere
210 2753 249 2834 (ἱ),
265 2775 302 2821 ac
320 2751 488 2822 fortificare
503 2772 687 2843 coeperunt.
732 2772 809 2824 tunc
822 2753 940 2844 itaque,
946 2754 1137 2825 roborandae
1148 2746 1212 2822 Guel-

66 2868 146 2938 ficae
159 2870 255 2959 partis
270 2890 374 2951 causa,
386 2868 528 2958 praefato
541 2868 715 2938 Guillelmo
731 2869 946 2940 Cavalcabovi
966 2891 999 2940 et
1015 2871 1137 2942 caeteris
1148 2864 1213 2958 ipsius

68 2984 147 3053 altae
177 3001 209 3053 et
237 2985 471 3072 magnanimae
489 2985 593 3074 stirpis
612 2985 658 3068 (i),
677 3002 712 3054 ut
736 3005 826 3075 puto,
846 2985 1007 3054 Guidonis
1033 2986 1072 3056 de
1097 2987 1125 3055 la
1143 2983 1214 3051 Tune

68 3122 175 3189 opera,
187 3123 225 3166 ea
243 3099 384 3169 conditio
404 3100 438 3156 (k)
456 3101 546 3190 legis,
566 3099 605 3170 de
629 3123 691 3191 qua
713 3124 808 3190 supra
826 3101 975 3185 diximus,
992 3104 1160 3173 Cremonae
1168 3093 1216 3167 sub

67 3214 130 3282 lata
145 3231 202 3294 est,
218 3212 305 3303 quod
320 3213 418 3302 ipsius
435 3213 579 3294 civitatis,
595 3214 736 3281 maxime
756 3213 919 3283 Guelficae
938 3217 1048 3304 partis,
1060 3213 1217 3306 perniciosae

69 3327 164 3398 cladis
185 3349 277 3395 causa
295 3327 364 3398 fuit.
397 3326 450 3394 hic
466 3326 657 3396 Guillelmus
673 3327 882 3411 Cavalcaboe,
893 3329 904 3419 i
915 3330 969 3397 ubi
983 3332 1068 3420 regis
1084 3329 1221 3398 adventum

69 3443 209 3533 percipit,
229 3455 351 3526 eorum,
371 3466 452 3531 quae
482 3466 556 3512 cum
584 3442 734 3514 Guidone
760 3442 800 3509 de
829 3444 859 3511 la
886 3445 991 3514 Turre
1016 3469 1092 3516 eum
1110 3452 1226 3514 uacuae

71 3576 181 3629 contra
194 3582 304 3648 regem
312 3558 341 3613 (Ι)
363 3558 507 3640 creditur,
522 3559 709 3631 intrinsecus
722 3560 916 3630 conscientia
931 3583 1027 3631 saeva
1038 3549 1227 3642 tactus,ac(1n

70 3674 122 3763 se)
141 3695 201 3742 suo
225 3673 337 3743 odium
352 3676 435 3761 regis
450 3674 493 3729 (ω)
512 3677 657 3758 metiens,
677 3677 780 3764 ipsum
801 3693 967 3767 expectare
984 3700 1052 3746 non
1071 3677 1188 3753 audens,
1199 3680 1227 3732 θ’

72 3788 148 3859 urbe
161 3788 313 3878 profugit,
328 3792 416 3858 cuius
428 3789 538 3879 fugam
551 3789 698 3880 frequens
715 3791 805 3860 turba
818 3793 970 3881 sequitur,
986 3816 1064 3862 suae
1076 3811 1174 3862 sectae
1185 3800 1225 3856 st⁰

72 3903 153 3973 lidae
175 3903 355 3973 rebellionis
378 3928 414 3973 ac
437 3906 555 3994 patriae
575 3930 650 3977 suae
669 3907 765 3977 totius
785 3928 880 3975 causa
899 3907 976 3975 mali
994 3907 1039 3974 (¹).

139 4020 300 4090 XXXIII.
344 4022 390 4090 At
419 4020 615 4109 Supramons
638 4045 712 4090 cum
735 4022 891 4111 plerisque
914 4022 1119 4112 magnatibus
1141 4041 1171 4091 et
1190 4026 1227 4085 m²

129 4190 158 4246 (a)
175 4189 216 4233 Bb
230 4188 324 4233 caeteris
335 4187 437 4245 proprior
447 4190 507 4233 Mur.
517 4201 621 4233 carretae
629 4188 720 4246 propior
774 4190 804 4246 (b)
815 4190 864 4236 cori
874 4190 899 4234 in
913 4190 954 4236 Aa
967 4192 1045 4247 eBb5
1058 4193 1121 4237 Mur.
1130 4187 1227 4249 reprood

75 4271 105 4326 (c)
120 4271 160 4317 Bb
174 4269 232 4326 cepit
285 4269 317 4325 (d)
332 4269 370 4314 Bb
384 4269 502 4326 Impatiens
511 4269 573 4326 boni,
587 4281 661 4314 rerum
674 4268 734 4315 lusto
747 4282 773 4315 ac
787 4270 865 4315 divino
929 4272 959 4328 (e)
974 4273 1092 4329 Bbreor,
1107 4282 1132 4320 ut
1146 4281 1166 4320 et
1180 4261 1227 4316 stol

74 4351 106 4407 (f)
122 4351 163 4395 Aa
176 4350 255 4394 duoetn
269 4350 329 4407 quod
343 4357 513 4405 recognosceret
526 4362 568 4394 suo
581 4349 664 4394 damno
706 4352 735 4407 (gl
750 4351 789 4395 Bb
803 4351 922 4396 credebant
963 4352 1049 4408 (hlflb
1063 4367 1103 4411 epe
1139 4353 1173 4410 (i)
1187 4339 1227 4397 3²

74 4439 144 4471 unum
155 4426 284 4471 contrahere
338 4426 370 4482 (il
386 4425 583 4482 BbaltaestirpIs
636 4428 668 4484 (k)
684 4428 958 4484 Bbopera,etcondirlo
1004 4429 1227 4486 (linteumuectfl

75 4505 175 4550 creditur
228 4510 268 4562 (ml
284 4507 327 4552 Bb
340 4507 362 4550 in
376 4519 400 4552 te
414 4507 492 4552 odium
505 4506 565 4565 regis

111 4645 153 4713 (1)
164 4644 290 4700 Pertutto
298 4646 648 4720 questocapitoloesamIna
693 4649 854 4717 cremonesi,
878 4651 923 4722 piu
951 4650 1186 4722 particolarmente
1222 4664 1227 4686 ⁴

76 4729 101 4782 le
114 4728 245 4782 concordi
253 4731 461 4790 testimonianze
472 4731 545 4804 degli
554 4732 648 4791 storici
693 4733 806 4800 eiuro,
817 4732 928 4807 nell’op.
943 4734 997 4802 cit,
1012 4753 1037 4807 p.
1052 4734 1087 4803 64
1099 4752 1115 4791 e
1125 4751 1189 4808 sgg,
1199 4743 1227 4784 ⁶
