3142 5730
190 299 253 347 110
656 288 908 346 HISTORIA

184 539 275 586 catur
302 515 478 597 esser-elit,
501 513 556 582 ubi
578 511 620 579 ad
642 511 793 602 praedam
816 531 886 580 tam
909 512 1008 580 libera
1036 512 1203 602 patetvia?
1238 513 1320 602 quoii

185 654 222 700 ut
239 655 299 722 pro
321 631 476 710 minimis,
493 629 591 697 etiam
615 650 674 717 pro
696 625 824 696 duobus
842 627 1071 696 calceamentis
1095 628 1180 709 corii,
1198 627 1320 697 baveni

186 747 421 836 permutatione
442 743 532 811 daret
549 741 678 831 praedo.
724 764 830 830 neque
853 742 889 810 in
913 743 1053 810 exercitu
1072 743 1166 809 sen'ca
1187 744 1321 812 iamenu

187 862 304 931 denunt
329 862 440 928 scotus
458 858 628 927 alteriusve
643 859 770 948 generis
788 877 982 927 ornamenta
1001 860 1141 927 Enuriae
1155 857 1319 948 puellisrtpu

187 979 313 1058 vinum,
336 974 465 1043 bladum
488 992 522 1041 et
550 973 671 1054 oleum,
688 990 777 1041 tanta
806 972 926 1041 borum
946 991 1013 1041 erat
1035 974 1129 1062 copia
1149 995 1203 1062 pro
1219 973 1320 1055 minim

188 1112 283 1183 prout
305 1090 457 1180 praedoni
475 1107 656 1179 opportuna
673 1107 749 1156 sunt
768 1089 800 1156 in
820 1090 963 1158 exercitu
988 1087 1029 1155 ad
1047 1087 1171 1156 libitum
1192 1087 1322 1178 cuiquels

189 1208 303 1274 bantur
314 1206 360 1271 (¹).
405 1203 612 1271 haecomnia
627 1202 888 1269 Florentinonrm
902 1201 1023 1270 damna
1042 1221 1075 1270 et
1089 1224 1169 1290 quae
1181 1221 1244 1270 ante
1254 1201 1323 1270 ocula

188 1319 364 1388 volitabant
378 1319 536 1398 miseriae,
552 1316 687 1406 oppidis,
703 1317 787 1384 villis
802 1339 840 1384 ac
858 1319 987 1407 magnis
1007 1318 1088 1387 vicis
1103 1316 1324 1406 fumantibuspu

187 1435 366 1524 pulatisque
379 1432 544 1512 viridariis,
567 1454 624 1498 eos
647 1432 742 1500 tantis
759 1431 924 1519 praesidiis
942 1433 1075 1521 stipatos
1094 1432 1135 1500 ad
1153 1429 1326 1499 conferendam

188 1552 221 1616 in
239 1550 306 1616 acie
324 1570 440 1615 manus
463 1548 599 1614 minime
620 1565 845 1635 provocarunt
891 1548 1012 1636 quippe
1035 1549 1118 1614 intra
1135 1548 1250 1614 moenia
1268 1543 1327 1633 nep}

187 1665 333 1730 dantium
356 1662 512 1730 tumultus
537 1663 656 1729 civium
675 1684 812 1751 magnus
837 1681 915 1743 erat,
935 1661 1015 1731 dum
1037 1665 1178 1731 maxime
1194 1663 1286 1730 timent
1304 1680 1327 1726 ut

188 1781 320 1848 insultet
342 1779 444 1847 hostis
463 1799 583 1845 muros.

255 1896 327 1962 Lll.
374 1896 463 1962 Dum
492 1894 539 1960 sic
562 1893 682 1960 exultat
701 1894 911 1962 Germanicus
939 1895 1032 1963 miles
1052 1913 1200 1985 totusque
1222 1891 1329 1960 exercita

189 2010 370 2078 Gibellinus
382 2009 504 2075 hostica
517 2007 633 2096 praeda
645 2007 800 2096 gaudens,
813 2006 940 2077 fortuna
952 2011 984 2076 in
996 2012 1157 2099 prosperis
1168 2033 1251 2100 saepe
1261 2007 1332 2074 minti

188 2127 300 2191 mutati
316 2125 423 2192 vultus
437 2125 569 2212 signum
577 2120 674 2204 dedit,
686 2123 788 2191 subita
801 2126 942 2213 corporis
957 2124 1143 2194 infirmitate
1159 2127 1333 2216 imperatorem

187 2237 332 2303 visitans.
378 2237 468 2303 cuius
487 2235 605 2303 lectum
628 2234 713 2302 illico
736 2235 852 2325 stipant
871 2235 1001 2320 medici,
1019 2261 1081 2306 nec
1104 2239 1187 2306 ullus
1208 2257 1265 2305 tam
1283 2234 1334 2321 llip

187 2374 300 2439 pocras
323 2370 377 2417 aut
404 2351 546 2418 Galenus
568 2351 674 2438 ipsum
696 2350 805 2419 salutis
829 2371 952 2419 certum
975 2352 1080 2421 reddit
1094 2354 1139 2420 (²).
1187 2374 1283 2420 verum
1297 2347 1335 2415 lar·
1350 2358 1377 2429 ἱί·

187 2486 264 2531 tuna
287 2466 366 2551 ipsa,
397 2464 567 2553 ambiguos
596 2486 723 2553 semper
757 2488 793 2533 ac
826 2487 942 2533 coecos
972 2490 1100 2555 gressus
1124 2467 1290 2555 subitosque
1307 2481 1337 2527 re

186 2599 313 2666 gressus
343 2576 476 2659 faciens,
499 2579 637 2645 nimium
665 2578 816 2648 fallaciter
831 2581 864 2648 in
888 2580 1049 2649 humanos
1075 2605 1166 2651 casus
1190 2581 1267 2661 ludit,
1290 2597 1337 2645 ecce

187 2693 264 2760 dum
298 2715 424 2780 sperare
449 2693 522 2760 lacit
553 2694 720 2781 Guelpbos
751 2695 822 2784 plus
855 2697 887 2762 in
918 2716 1023 2764 morte
1046 2698 1196 2786 principis
1224 2691 1337 2785 quanin

186 2829 304 2896 pugna,
325 2809 389 2874 cito
413 2807 528 2874 blanda
552 2808 718 2877 Gibellinis
744 2810 869 2879 rediens
892 2811 953 2879 sibi
972 2837 1144 2903 parumper
1162 2807 1338 2903 aspirarem

187 2942 244 3002 cst,
264 2923 422 3011 insperata
450 2924 584 2991 scintilla
607 2926 727 3012 vigoris
760 2928 825 2992 iam
849 2928 913 2995 lere
936 2928 1077 3017 perditos
1102 2930 1217 2998 infirmi
1239 2915 1338 3014 corporis
1356 2924 1377 2976 rt

188 3036 370 3104 mirabiliter
388 3062 501 3105 seusus
520 3037 665 3106 reddens.
709 3057 740 3106 at
759 3040 824 3123 ubi,
843 3041 959 3110 sedatis
976 3044 1081 3110 morbi
1098 3045 1225 3126 viribus,
1235 3054 1339 3133 proceres

187 3155 370 3220 restitutum
393 3152 453 3220 sibi
472 3153 648 3241 principem
667 3155 821 3238 sentiunt,
840 3156 879 3224 ad
892 3159 998 3247 ipsum
1013 3163 1212 3228 conveniunt
1230 3152 1339 3240 archiepi-

188 3292 303 3356 scopus
328 3268 531 3335 Trerirensis
559 3268 653 3336 frater
676 3271 755 3351 eius,
776 3294 886 3342 comes
910 3274 1088 3344 Sabaudiae
1112 3297 1145 3344 et
1168 3264 1341 3343 Henricusde

189 3383 334 3450 Flandria
354 3381 598 3463 mareschalcus,
613 3383 728 3471 quibus
749 3386 947 3474 imperatoris
971 3412 1063 3458 casus
1081 3392 1220 3479 pensatis
1237 3379 1343 3479 periculis

188 3499 344 3564 exercitus
368 3499 524 3564 solicitam
544 3517 688 3565 mentem
707 3497 833 3568 fecerat.
881 3504 924 3587 hi,
943 3527 1001 3594 pro
1021 3529 1055 3573 re
1074 3528 1188 3595 pauca,
1204 3496 1346 3574 ferundo
1364 3495 1372 3540 ¹

189 3614 279 3678 mino
303 3613 515 3699 supplicantes
540 3632 575 3679 ut
598 3616 712 3681 mutari
737 3638 888 3706 campum
912 3620 1030 3687 sineret
1049 3644 1086 3688 ac
1108 3645 1180 3689 sese
1199 3644 1269 3689 cum
1288 3629 1349 3684 eret·

189 3732 250 3796 citu
267 3727 430 3796 reduceret
453 3729 486 3794 in
506 3751 619 3816 agrum
638 3731 820 3815 Aretinum,
839 3732 892 3799 ubi
918 3754 1031 3804 cuncta
1054 3761 1168 3825 prose
1192 3757 1224 3805 et
1237 3729 1355 3826 gentibus

224 3989 267 4059 (1)
284 3988 459 4057 «Postquam
477 3985 601 4040 venimus
622 3999 683 4040 ante
702 3986 762 4042 Flo·
809 4002 960 4057 «peratore
973 4011 997 4044 r.
1034 3990 1102 4045 Cosl
1131 3991 1198 4047 Nic.
1217 3993 1305 4047 born
1320 3982 1366 4061 92⁶·

191 4094 204 4122 α
216 4073 339 4137 rentiam,
353 4071 445 4125 omnia
459 4070 540 4135 mala,
553 4088 621 4141 quae
637 4087 684 4142 per
699 4089 762 4142 gen·
807 4091 821 4121 a
834 4073 886 4126 Del
898 4091 973 4129 mese
984 4076 1011 4128 di
1021 4077 1129 4130 ottobre
1143 4076 1172 4131 lo
1184 4071 1370 4148 imperatorelr

190 4173 271 4210 «rem
297 4156 467 4228 imperatoris
489 4168 633 4225 potuerunt
657 4155 714 4209 lieri
733 4158 761 4209 in
808 4159 984 4212 ‹iammalato
1004 4162 1049 4229 piu
1070 4161 1197 4229 giornia
1224 4164 1281 4216 San
1304 4160 1374 4221 Salii,

190 4263 203 4290 α
216 4258 312 4294 eorum
326 4240 445 4294 districtu
461 4252 487 4293 et
496 4239 630 4292 territorio
644 4238 723 4304 lacta,
736 4252 762 4293 et
808 4261 822 4288 i
834 4255 860 4295 et
884 4245 1029 4313 veggendo
1054 4262 1110 4297 non
1135 4258 1216 4317 poter
1241 4249 1341 4302 havere
1355 4245 1375 4299 la

190 4325 379 4395 «perignem,
399 4335 424 4377 et
443 4340 490 4394 per
508 4322 719 4377 destructionem
736 4336 763 4378 et
809 4349 823 4377 α
838 4329 901 4382 citra
917 4347 965 4400 per
981 4331 1108 4394 accord0,
1125 4344 1152 4385 et
1167 4332 1322 4388 Fiorentini
1333 4350 1375 4387 nor

192 4430 205 4457 α
217 4425 262 4477 per
274 4410 400 4462 arborum
409 4424 520 4461 suorum
531 4407 726 4462 abscissionem
736 4428 761 4462 a.
808 4432 823 4461 a
834 4412 952 4466 roleano
966 4413 992 4466 la
1005 4414 1144 4484 battaglia,
1157 4432 1186 4468 se
1201 4434 1237 4471 ne
1251 4423 1322 4489 parti
1334 4436 1375 4473 noi

189 4492 252 4545 Nic.
270 4489 433 4562 borupzb.
807 4496 901 4549 «bene
915 4513 1019 4552 sano».
1057 4498 1090 4552 G.
1106 4497 1244 4566 Vtamur,
1255 4501 1375 4572 IX‚xrr:

224 4576 267 4647 (a)
296 4596 310 4624 α
325 4577 424 4630 Medici
452 4576 629 4647 desperabant
654 4577 686 4630 de
711 4578 761 4630 im-
