3142 5730
104 670 108 677 Ι
223 581 286 652 154

719 580 915 637 INDICE.

261 827 373 883 afratre
386 827 547 900 Singibaldo
563 828 597 882 de
612 827 813 898 Lampugnano
841 826 1002 882 Fredericus
1022 841 1119 881 comes
1138 825 1244 881 Montis
1263 823 1450 893 Feltri,1tali·

263 914 369 986 LXVI,
402 932 459 987 ¹75·
531 916 574 970 De
601 915 726 988 sepulcro
755 916 813 969 eius

266 1005 323 1076 183.

229 1269 312 1324 Pabia
331 1284 399 1341 gens
418 1269 453 1336 II,
473 1286 515 1340 37,
533 1284 583 1342 49;
600 1268 648 1334 III,
670 1285 691 1321 1.

228 1357 327 1414 Fabius
346 1357 411 1428 (Q)
430 1358 465 1425 II,
485 1374 526 1430 39.

878 931 976 969 corum
995 915 1050 969 dux
1064 930 1115 987 pm
1131 914 1209 986 imp,
1222 913 1251 967 in
1265 912 1449 970 Florentinos

877 1003 912 1056 ad
940 1015 1066 1057 montem
1094 1001 1123 1059 S.
1143 1001 1312 1073 Margaritae
1338 1017 1446 1074 pugnat

879 1090 990 1161 LII,43,
1063 1089 1140 1145 Pisas
1151 1090 1184 1144 ab
1195 1091 1369 1162 imperatore
1379 1092 1444 1147 mit·

877 1178 943 1232 titur
957 1178 1029 1244 LIII,
1042 1194 1084 1247 17,
1157 1191 1220 1251 post
1235 1179 1303 1251 imp.
1321 1191 1445 1235 mortem

878 1267 1007 1322 Aretium
1026 1279 1129 1335 movet,
1147 1267 1212 1323 inde
1233 1267 1322 1322 Senas
1344 1267 1446 1335 LXIV,

882 1372 941 1428 ¹942
963 1372 1023 1429 ¹95·

228 1445 361 1511 Ferraria,
372 1446 543 1502 Lomellinae
559 1456 676 1502 castrum
692 1442 815 1514 LXVIII,
843 1444 1005 1500 Fredericus
1029 1446 1064 1500 de
1082 1445 1307 1513 Archidiaconis,
1324 1447 1446 1503 Cremo-

230 1552 330 1679 filiis
348 1624 403 1696 (S.)
421 1624 511 1696 platea
528 1621 642 1688 XXVII,
660 1637 686 1688 4.

231 1710 358 1784 flginum
376 1713 452 1767 vicus
472 1711 504 1778 L,
522 1726 565 1778 42.

231 1799 311 1854 Flore
340 1799 387 1872 (de
406 1800 448 1870 S.)
475 1816 578 1865 comes,
599 1796 745 1869 imperialis
764 1797 818 1852 dur

268 1887 339 1956 LVI,
360 1906 383 1960 3.

879 1534 971 1588 nensis
991 1533 1155 1599 Gibellinus,
1175 1534 1239 1590 exul
1258 1534 1347 1602 XLV,
1366 1551 1408 1602 14.

844 1621 1005 1677 Fredericus
1035 1621 1202 1677 GuiIlelmua
1222 1623 1256 1677 de
1276 1623 1444 1696 Sparavaria

881 1709 914 1763 ab
933 1709 999 1781 imp.
1014 1710 1160 1765 damnatus
1176 1710 1249 1776 LIX,
1271 1727 1313 1782 53.

231 1975 383 2045 FlorentIni
409 1977 437 2032 in
470 1977 618 2032 exercitum
651 1975 717 2046 imp.
745 1975 819 2029 iuxta
847 1972 959 2038 Galeaz,
978 1972 1364 2040 filiusMatteiVicecomitis,
1384 1976 1442 2031 col-

269 2064 401 2120 Ancisem
420 2066 454 2132 L,
472 2080 516 2132 40.

234 2150 402 2209 Francionus
428 2153 511 2209 frater
539 2155 573 2207 de
602 2152 629 2207 S.
648 2151 766 2207 Nazario
786 2151 818 2204 ab

228 2300 233 2312 ,
259 2240 336 2314 imp.
356 2241 500 2297 damnatus
519 2241 592 2309 LIX,
609 2240 653 2310 63.

236 2327 444 2387 Franciaclrinus
463 2331 498 2385 de
516 2329 650 2395 laTurre,
668 2327 739 2383 filius
753 2327 821 2382 Gui-

271 2418 358 2485 donis,
373 2418 543 2492 colloquium
559 2434 622 2472 cum
643 2415 744 2471 Galeaz
762 2415 820 2469 filio

271 2507 367 2562 Mattei
391 2508 474 2562 habet
497 2507 586 2573 XXII,
605 2521 648 2577 23,
720 2504 821 2559 Medio·

273 2593 337 2650 lano
353 2596 407 2651 erit
425 2595 538 2661 XXVII,
558 2611 599 2663 24,
670 2606 732 2665 post
751 2593 821 2648 Hen-

273 2682 323 2738 rici
341 2684 407 2756 imp.
426 2696 544 2739 mortem
560 2700 624 2737 cum
643 2682 757 2737 Simone
772 2681 822 2736 fra·

274 2783 316 2827 tre
330 2789 381 2828 suo
394 2772 494 2845 Papiae
516 2771 618 2826 bellurn
633 2784 709 2843 parat
724 2770 822 2837 LXVI,

276 2860 302 2927 8,
373 2860 499 2915 Marciani
514 2860 622 2914 comitis
635 2860 668 2913 de
679 2858 822 2931 Squillatio

275 2949 364 3004 verbis
391 2949 530 3020 respondit
557 2963 617 3018 207,
688 2945 822 3000 furentem

274 3037 303 3092 in
316 3037 480 3091 Mattianum
491 3037 620 3090 comitem
630 3035 664 3089 de
677 3034 821 3106 Squillatio

275 3125 477 3180 multitudinem
495 3125 585 3197 placat
604 3140 664 3194 250.

240 3215 400 3270 franciscus
419 3214 491 3269 card.
506 3214 546 3267 tit.
561 3213 590 3267 S.
606 3212 708 3267 Mariae
727 3212 755 3266 in
772 3212 825 3266 Co·

881 2062 1006 2134 loquium
1041 2079 1104 2116 cum
1136 2062 1353 2130 Francischino,
1382 2064 1440 2120 filio

883 2148 1018 2204 Guidonis
1038 2149 1117 2204 dela
1137 2150 1237 2216 Turre,
1256 2163 1333 2205 tenet
1353 2151 1441 2222 XXII,

884 2253 926 2309 23,
998 2255 1059 2292 sese
1080 2237 1237 2293 Theutonis
1257 2243 1379 2295 amIcum
1400 2242 1443 2296 de·

884 2338 1018 2381 monstrat
1036 2339 1064 2381 et
1083 2343 1146 2381 cum
1176 2329 1308 2400 episcopo
1328 2327 1443 2384 Triden-

884 2415 942 2470 tino
955 2428 1018 2470 ante
1028 2417 1136 2470 turbam
1153 2415 1358 2472 Germanomm
1370 2420 1444 2490 equi·

884 2517 923 2558 tat
941 2504 1043 2570 XXIX,
1059 2521 1100 2575 53,
1174 2506 1306 2561 Cresonis
1328 2507 1442 2562 Crivelli

886 2593 955 2645 iram
964 2591 1072 2662 mitigat
1080 2607 1125 2663 92,
1198 2593 1366 2648 Theutorros
1382 2612 1443 2666 spo

886 2680 1042 2735 liationibus
1068 2682 1184 2735 retinere
1208 2681 1307 2737 frustra
1327 2698 1443 2738 conatur

890 2786 947 2839 107,
1020 2770 1178 2825 Tarvisium
1203 2772 1362 2826 inexilium
1383 2790 1442 2843 per·

887 2859 927 2930 gir
948 2857 1006 2925 164,
1079 2858 1238 2913 Cremonae
1253 2876 1304 2931 pro
1322 2877 1387 2932 rege
1402 2862 1441 2915 vi-

887 2948 975 3000 carius
1006 2947 1101 3000 urbem
1132 2947 1230 3020 litaquit
1263 2947 1364 3017 XLIII,
1399 2966 1441 3019 74,

887 3035 1042 3090 Placentiae
1064 3049 1153 3090 rector
1180 3035 1278 3102 LXIV,
1298 3052 1323 3102 2,
1407 3039 1441 3090 ad

888 3125 1057 3179 Placentiam
1091 3124 1290 3180 defendendam
1318 3127 1441 3198 equitum

888 3215 1040 3269 subsidium
1060 3216 1127 3286 petit
1145 3214 1256 3281 LXVII,
1276 3233 1299 3288 9.

275 3303 395 3370 smedin,
427 3302 532 3374 legatus
565 3303 598 3356 ad
631 3301 824 3372 Imperatorem
855 3303 929 3358 Galli
945 3304 1030 3374 Alpes
1039 3304 1234 3358 transcendunt
1252 3305 1288 3371 II,
1298 3321 1324 3375 7,
1398 3322 1442 3359 eo-

275 3391 362 3457 XLII,
383 3393 422 3446 18.

889 3411 950 3447 rum
969 3393 1051 3463 legati
1067 3393 1100 3445 ad
1118 3393 1250 3447 Senatum
1269 3394 1313 3459 48,
1387 3393 1442 3447 Me-

240 3481 400 3552 Franciscus
419 3480 453 3535 de
473 3480 657 3550 Garbagnate,
677 3479 825 3533 Patavinus
890 3483 1029 3537 diolanum
1041 3494 1173 3536 renovant
1183 3483 1229 3549 IV,
1241 3498 1265 3548 2,
1329 3482 1442 3553 Papiam

278 3568 416 3641 professor
434 3568 508 3635 XVI,
523 3570 567 3634 46,
638 3569 673 3621 ad
686 3584 778 3639 regem
791 3567 827 3622 le·
890 3570 1062 3640 Briariamque
1082 3569 1203 3623 condunt
1225 3584 1247 3638 3,

277 3669 355 3729 gatus
374 3656 552 3727 proficiscitur
576 3669 602 3710 et
625 3655 826 3711 Gibellinorum
856 3656 1442 3728 GalvaneusBrusamantica,Papiensis,ab

278 3761 389 3798 causam
417 3744 528 3797 suscitat
553 3742 595 3810 61,
677 3745 734 3798 eius
762 3762 827 3799 cura
890 3747 955 3819 imp.
975 3746 1118 3799 damnatus
1139 3744 1210 3809 LIX,
1230 3743 1271 3799 60.

278 3831 394 3886 Matreus
417 3830 580 3885 Vicecomes
605 3832 687 3886 erilio
715 3850 827 3887 revoca·
856 3834 1003 3901 Gambara,
1027 3848 1113 3889 mater
1138 3835 1203 3888 Ibor
1227 3847 1253 3887 et
1276 3835 1383 3905 Ayonis
1405 3834 1439 3901 V,

278 3931 322 3973 tur
349 3918 449 3984 XXIX,
480 3920 537 3986 182,
609 3937 657 3991 per
677 3937 826 3976 commune
893 3940 932 3978 10.

279 4005 485 4062 Mediolanense
508 4008 541 4061 ad
557 4009 719 4063 Vamerium
738 4012 828 4082 syndi-
856 4013 982 4067 Gazanus
1011 4010 1207 4081 (Canzianum)
1234 4011 1310 4066 vicus
1342 4010 1441 4077 LXVI,

280 4112 327 4151 cus
349 4094 433 4162 XLV,
461 4112 487 4168 9,
558 4097 585 4150 in
607 4097 743 4153 Laudensi
762 4117 828 4154 con·
895 4117 934 4171 17,
953 4100 996 4172 63.

280 4184 341 4239 silio
366 4184 519 4239 orationem
541 4202 589 4258 pro
618 4187 720 4241 Matreu
746 4189 827 4242 Vice·
858 4190 1052 4245 Geminianum
1072 4188 1126 4259 (S.)
1147 4189 1277 4260 oppidum
1297 4188 1368 4259 LIV,
1386 4206 1425 4260 17.

280 4275 380 4327 comite
395 4285 468 4326 terret
483 4273 580 4338 XLVI,
595 4290 618 4338 1,
691 4276 724 4329 ad
740 4276 830 4332 defen·
858 4278 971 4350 Georgii
994 4278 1050 4348 (S.)
1070 4279 1203 4349 martyris,
1232 4277 1347 4331 ecclesia
1372 4279 1443 4331 Pisa·

280 4360 397 4413 dendam
424 4359 594 4414 Placentiam
621 4362 687 4417 illuc
707 4366 828 4436 equiturn
892 4384 943 4420 nae
962 4367 1034 4420 urbis
1053 4366 1150 4431 LXIII,
1173 4382 1213 4421 10.

280 4459 398 4500 turmam
431 4448 505 4502 ducit
538 4448 648 4515 LXVII,
683 4467 723 4516 ιο,
796 4455 829 4506 ad
859 4455 995 4510 Gerardus
1010 4455 1226 4510 Constaanensis
1243 4455 1395 4526 episcopus,
1410 4456 1443 4508 le

281 4534 464 4589 Lomelllnam
475 4538 663 4607 occupandam
675 4539 829 4595 Luchirrum
893 4557 971 4614 gatus
990 4545 1017 4597 in
1038 4543 1201 4598 Lombardia
1217 4543 1251 4612 X,
1273 4541 1312 4607 16,
1384 4544 1442 4597 Me·

281 4623 480 4677 vicecomitum
494 4627 639 4680 comitatur
654 4628 776 4696 LXVIII,
787 4648 829 4688 21.
893 4633 996 4686 diolani
1015 4633 1167 4686 orationem
1187 4644 1260 4685 tenet
1277 4648 1318 4685 21.

244 4710 402 4781 franciscus
421 4713 454 4766 de
473 4712 497 4765 Ia
519 4713 616 4780 Turre,
636 4715 706 4771 filius
725 4719 830 4790 Pagani
859 4721 987 4775 Gibellini
1018 4722 1134 4774 adventu
1153 4721 1247 4774 Mattei
1266 4719 1443 4774 Vicecomitis

280 4796 341 4862 XV,
351 4814 393 4867 70,
458 4803 733 4871 paterGuidonisBO,
802 4810 829 4862 ln
893 4811 920 4864 in
930 4812 981 4864 Ast
991 4812 1017 4863 in
1029 4810 1177 4863 maximam
1187 4810 1356 4864 adducuntur
1366 4825 1443 4879 spem

280 4885 356 4957 burgi
371 4886 451 4939 De'xii
470 4892 618 4944 certamine
635 4896 749 4948 moritur
768 4912 809 4967 92.
893 4897 966 4962 XVI,
988 4896 1045 4953 160.
