3142 5730
495 362 824 420 PREFAZIONE.
1128 366 1257 422 XXXVII

62 637 237 693 raenimium
247 636 306 704 fuit,
315 639 437 694 viduum
473 639 584 693 visitans
603 653 728 694 montem
738 638 798 692 urbi
806 638 844 692 vi-
878 651 935 693 tem
953 639 1074 693 vicinum
1099 639 1171 693 urbis
1196 639 1258 693 visi-

62 733 137 788 urbis
182 747 308 790 montem
346 735 438 789 visitat
474 736 575 800 einum,
611 752 627 789 a
660 734 841 790 Theutonicis
877 747 946 801 tans,
967 751 982 788 a
1006 734 1169 802 Theutonis‚
1184 735 1254 790 ultra

61 832 201 902 praesidio
209 832 396 900 muniendum,
402 849 435 886 ac
471 832 560 887 subito
567 833 776 898 circumventus,
789 848 841 886 una
861 849 960 904 quam
971 832 1098 888 credibile
1107 831 1195 886 fuerat
1203 849 1257 887 ser·

62 927 128 1009 bade
165 928 282 983 insultus
312 928 435 1002 frequen·
473 947 536 985 cum
546 929 681 1002 plerisque
690 931 735 1002 qui
748 947 842 984 secum
879 930 1004 1000 pentibus
1015 930 1090 1002 equis
1099 930 1197 1001 ubique
1209 946 1259 1001 per

61 1025 183 1081 miuus
201 1027 253 1080 iter
264 1025 343 1081 vallis
361 1026 436 1081 fiata
472 1026 842 1100 ermtpnmumdefansione
878 1026 956 1081 devia
963 1040 1095 1092 montem,
1108 1026 1198 1082 subito
1208 1029 1258 1082 cir-

63 1122 230 1190 Thentonis,
257 1123 327 1178 ultra
353 1142 436 1196 quam
472 1137 581 1197 peracta
604 1141 704 1196 pugna,
722 1125 842 1196 pluribus
880 1137 1040 1180 cumventus
1055 1141 1108 1178 una
1125 1141 1188 1179 cum
1203 1124 1258 1196 ple·

62 1220 194 1284 credibile
208 1218 296 1275 fuerat
309 1221 438 1292 serpenti-
473 1221 758 1294 receptisvulneribus‚
765 1222 841 1276 humi
879 1222 968 1294 risque
992 1222 1038 1294 qui
1056 1238 1151 1276 secum
1170 1233 1256 1286 erant,

61 1317 113 1372 bus
132 1319 209 1389 equis
236 1318 293 1372 suis
318 1318 436 1390 undique
472 1330 621 1390 prostratus
648 1331 702 1386 est;
733 1320 841 1385 caeteri,
878 1318 987 1373 modica
1017 1334 1066 1391 pro
1099 1317 1256 1373 defensIone

63 1415 436 1491 perdeviamontem,subito
472 1416 580 1473 fortuna
595 1420 713 1484 iuvante,
725 1417 839 1490 fugiunt.
877 1429 987 1490 peracta
1012 1434 1111 1489 pugna,
1136 1417 1256 1488 pluribus

62 1528 118 1565 una
137 1528 202 1565 cum
221 1512 264 1566 his
279 1513 325 1584 qui
341 1529 436 1568 secum

63 1618 142 1662 erant
153 1608 365 1676 circumventus,
378 1626 436 1664 mu

62 1705 125 1762 dica
152 1707 180 1762 in
208 1707 367 1764 defensione
391 1727 436 1764 ac-

63 1819 157 1859 cessus
191 1817 302 1878 peracta
337 1824 437 1879 pugna,

61 1901 186 1974 pluribus
207 1905 323 1976 receptis
342 1904 435 1961 vulne-

61 2001 435 2074 ribusequoprnstratusest

62 2099 187 2172 plerique
217 2100 349 2156 comitum
378 2102 435 2156 eius

62 2197 100 2250 ibi
116 2195 198 2262 caesi,
206 2208 236 2249 ut
246 2195 354 2250 fortuna
364 2197 435 2262 sinit,

62 2291 200 2363 perdevia
213 2292 314 2346 montis
329 2304 435 2346 utcum·
533 2326 536 2334 ·

878 1514 993 1585 receptis
1002 1512 1167 1577 vulneribus,
1178 1511 1256 1565 humi

877 1618 1026 1681 prostratus
1054 1620 1103 1663 est.
1146 1607 1255 1674 caeteri,

876 1708 984 1764 fortuna
994 1708 1107 1776 sinente,
1116 1724 1165 1780 per
1174 1708 1254 1762 devia

877 1819 1014 1878 utcunque
1038 1804 1153 1876 fugiunt.
1198 1805 1254 1859 iam

877 1904 1018 1976 incognito
1034 1903 1178 1958 Thebaldo
1195 1904 1251 1957 vic-

876 2015 919 2057 tor
928 2000 1091 2057 Theutonus
1100 2001 1252 2066 recedebat,

877 2118 940 2155 cum
955 2101 1002 2173 qui
1016 2099 1153 2173 spoliandi
1172 2116 1255 2154 causa

877 2207 1069 2260 remanserant,
1087 2194 1156 2248 inter
1175 2194 1256 2248 cada·

876 2288 1256 2360 veraadhucvivumcogno·

61 2405 116 2461 que
146 2387 262 2460 fugiunt
308 2389 364 2442 iam
394 2390 434 2442 in-
507 2388 562 2452 Qui
593 2389 727 2462 spoliandi
757 2405 840 2443 causa
876 2404 939 2442 vere
964 2386 1138 2441 Thebaldum
1157 2384 1255 2440 frustra

62 2483 177 2554 cognito
197 2482 322 2538 Tebaldo
349 2485 436 2538 victor
471 2495 657 2539 remanserant
674 2485 745 2539 inter
763 2483 841 2537 cada·
875 2495 1029 2554 sperantem
1057 2498 1085 2535 se
1116 2480 1255 2536 moribun-

63 2576 231 2634 Theutonus
271 2579 433 2647 recedebat,
469 2595 533 2634 vera
562 2582 656 2634 vivum
683 2594 838 2650 cognovere
874 2577 940 2632 dum
950 2576 1060 2648 fingere.
1081 2575 1210 2647 quiillico
1218 2575 1251 2629 ad

64 2695 129 2733 cum
141 2678 188 2750 qni
203 2678 338 2750 spoliandi
353 2695 449 2734 causa-
471 2678 625 2733 Tebaldnm
643 2679 792 2750 fingentem
810 2694 839 2732 se
875 2685 1137 2747 regemprotractus,
1145 2674 1254 2744 antiqua

63 2788 259 2846 remanserant,
273 2776 344 2830 inter
358 2776 436 2831 cada·
471 2790 618 2842 mortuum,
636 2777 683 2848 qui
706 2776 782 2831 illico
807 2774 840 2829 ad
878 2775 1000 2841 crimina,
1010 2789 1079 2844 quae
1092 2787 1149 2827 non
1164 2771 1255 2824 minus

63 2891 127 2928 vera
154 2874 244 2928 adhuc
271 2874 364 2927 vivum
388 2889 435 2928 co·
469 2891 563 2946 regem
591 2885 746 2945 pertractus,
771 2873 839 2926 anti·
874 2873 953 2926 novis
969 2870 1077 2942 publica
1090 2869 1140 2924 sibi
1156 2868 1255 2939 allega-

65 2986 185 3041 gnovere
205 2969 360 3025 Tebaldnm
380 2969 432 3025 fru-
468 2988 522 3043 qua
547 2970 668 3037 crImina,
692 2987 761 3042 quae
781 2987 837 3025 non
872 2970 969 3022 bantur
987 2969 1015 3021 in
1034 2983 1114 3022 causa
1133 2978 1185 3020 etc.

65 3079 118 3121 stra
132 3080 287 3139 sperantem
304 3084 334 3122 se
349 3067 431 3122 mori·
466 3067 556 3121 minus
571 3066 650 3121 novis
665 3066 774 3139 publica
786 3065 835 3120 sibi

66 3165 432 3239 bundumlingmequiillico
469 3165 655 3238 allegabantur
687 3165 715 3218 in
749 3180 839 3228 causa,

67 3264 99 3317 ad
111 3280 206 3336 regem
220 3276 431 3337 pertractns‚an-
467 3263 549 3318 obiici
567 3263 617 3317 sibi
633 3261 743 3316 audivit

67 3363 138 3434 tiqna
153 3362 277 3429 crimina,
291 3379 361 3435 quae
376 3378 433 3417 non

69 3463 156 3517 minus
168 3463 247 3517 novis
262 3461 369 3534 publica
383 3463 434 3516 sibi

70 3560 253 3632 allegabantur
261 3562 433 3615 incausaetc.

137 3710 205 3781 Cap.
224 3708 363 3763 XXXVII.
954 3708 1021 3780 Cap.
1041 3706 1180 3761 XXXVII.

102 3821 204 3894 ltaqne‚
219 3821 336 3892 coguitis
363 3837 378 3872 a
406 3836 435 3874 se
506 3821 608 3891 Itaque,
630 3820 782 3891 cognitisa
811 3835 840 3874 se
910 3818 1013 3890 ltaque,
1032 3817 1148 3888 cognitis
1171 3818 1254 3872 etiam

71 3919 144 3972 novis
162 3918 332 3990 antiquisque
350 3917 435 3972 scele«
470 3919 549 3971 novis
568 3917 736 3990 antiquisque
756 3915 840 3971 scele·
877 3933 893 3970 a
920 3933 948 3970 se
976 3917 1054 3970 novis
1082 3915 1253 3987 antiquisque

72 4014 148 4081 ribus,
171 4032 241 4088 quae
267 4028 360 4071 tamen
387 4031 435 4070 ore
470 4015 553 4080 ribus,
582 4032 650 4086 quae
677 4028 769 4069 tamen
794 4032 842 4069 ore
877 4013 1032 4078 sceleribus,
1061 4030 1131 4084 quae
1161 4026 1253 4067 tamen

72 4113 142 4184 vulgi
168 4126 235 4169 nota
267 4113 323 4167 iam
350 4125 434 4178 erant,
470 4112 545 4183 vulgi
558 4125 623 4166 nota
638 4125 722 4178 erant,
742 4111 840 4166 «Satis
877 4128 923 4167 ore
936 4111 1078 4182 vulgiiam
1091 4124 1155 4166 nota
1169 4122 1255 4178 erant,

74 4211 168 4267 «Satis
200 4224 249 4278 est,
274 4212 360 4283 inquit
391 4227 437 4265 rex
473 4223 614 4266 estete.»
878 4208 977 4263 «Satis
997 4221 1044 4275 est,
1069 4210 1154 4281 inquit
1172 4221 1251 4264 etc.»

74 4320 152 4364 etc.»

167 4461 236 4535 Cap.
255 4461 339 4519 XLII.
543 4462 600 4516 Lib.
619 4462 653 4527 11,
672 4480 731 4535 cap.
749 4477 776 4518 x.
982 4463 1049 4535 Cap.
1064 4463 1147 4518 XLll.

105 4658 177 4712 Dum
204 4658 295 4731 itaque
322 4674 369 4712 rex
389 4674 437 4712 no-
506 4657 606 4711 Ianuae
618 4657 709 4729 itaque
722 4673 768 4711 rex
783 4673 840 4712 mu·
910 4657 984 4712 Dum
997 4658 1088 4730 itaqne
1101 4674 1147 4712 rex
1161 4669 1254 4712 noster
