3142 5730
340 449 400 532 146
806 453 1049 510 ursanum

333 696 458 746 servata
478 677 555 746 urbe
580 694 751 745 contentus
779 672 849 744 fisis
895 673 1048 742 simulans
1070 689 1177 740 tamen
1196 692 1290 758 aegre
1309 666 1395 737 ferre
1420 665 1534 735 hostes
1558 692 1567 759 3

334 810 401 861 tam
419 791 534 860 liberos
553 810 586 859 et
600 792 669 891 sine
684 790 750 860 ullo
764 789 905 880 periculo
920 788 1016 871 abire,
1034 788 1153 877 inquit:
1180 813 1197 851 e
1212 785 1399 866 francisce,
1414 805 1480 873 ego
1497 782 1533 838 (⁸³

335 908 461 978 credere
483 909 618 976 minime
640 909 818 997 potuissem
840 905 899 975 sub
922 904 1035 975 umbra
1055 902 1185 972 salubris
1208 902 1337 970 consilii
1367 899 1473 968 ullum
1497 918 1531 968 te

335 1024 446 1093 Martis
468 1023 602 1091 evitasse
625 1023 847 1112 periculum».
892 1020 972 1088 haec
992 1041 1059 1086 vor
1087 1017 1213 1085 audacis
1231 1017 1291 1082 viri
1318 1014 1528 1104 praecipitem

335 1139 481 1207 animum
503 1139 616 1206 movit.
661 1156 694 1204 et
715 1136 813 1205 illico:
834 1134 1054 1225 «pandantur,
1069 1132 1205 1222 linquit,
1237 1150 1349 1220 portae
1373 1128 1472 1213 urbis,
1495 1147 1528 1197 et

334 1253 524 1322 insultentur
554 1252 674 1334 hostes,
698 1270 868 1342 postquam
899 1250 1007 1319 utilius
1036 1249 1099 1316 hoc
1127 1246 1218 1316 vobis
1243 1269 1315 1316 esse
1346 1245 1526 1314 videtur».
1551 1267 1567 1335 4

334 1369 402 1438 risit
424 1368 550 1450 Galeaz,
576 1367 732 1449 «sufficit,
755 1368 913 1456 inquiens,
937 1364 1027 1455 quod
1048 1362 1236 1454 quaeiebam
1259 1361 1364 1430 habeo
1380 1387 1414 1430 u.

401 1484 553 1552 LXVIII.
599 1483 697 1552 Tunc
707 1481 796 1551 fessis
809 1481 1041 1572 Guelphorum,
1055 1479 1221 1570 praecipue
1234 1477 1457 1567 Papiensium,
1471 1478 1525 1565 qui

335 1615 412 1666 tunc
433 1598 467 1665 in
486 1597 616 1686 Liguria
633 1598 790 1687 principes
813 1597 912 1685 ipsius
934 1595 1080 1664 factionis
1103 1611 1202 1674 erant,
1224 1593 1408 1660 amicorum
1423 1591 1525 1660 subsi-

334 1713 404 1793 diis,
428 1712 609 1801 aliquandiu
633 1713 795 1801 utriusque
819 1712 965 1780 factionis
988 1710 1111 1800 languit
1134 1709 1235 1798 vigor.
1281 1725 1313 1776 et
1327 1707 1419 1775 velut
1437 1707 1525 1775 nulla

328 1828 458 1913 occasio
474 1826 558 1908 belli,
577 1829 680 1895 immo
699 1827 805 1895 omnis
825 1849 919 1895 causa
930 1827 1015 1915 pacis
1029 1824 1119 1907 foret,
1136 1823 1275 1913 undique
1289 1823 1417 1890 rusticis
1434 1845 1523 1890 aran·

332 1938 415 2007 tibus
432 1940 547 2028 quietis
570 1938 664 2028 agris,
680 1957 750 2007 toto
773 1940 844 2028 ipso
867 1960 953 2007 anno
976 1956 1128 2005 cessasset
1150 1936 1256 2004 omnis
1278 1934 1367 2003 furor
1386 1933 1473 2017 belli,
1490 1936 1522 2002 ni
1548 1958 1565 2023 5

333 2052 501 2122 domestici
523 2054 721 2122 consultores
744 2056 857 2122 Mattei
888 2053 927 2122 de
957 2077 991 2121 se
1014 2052 1151 2142 graviter
1177 2052 1281 2140 questi
1311 2050 1432 2133 forent,
1454 2051 1521 2118 eius

333 2169 561 2259 negligentiam
580 2187 775 2238 accusantes.
825 2170 889 2237 rin
908 2191 1034 2237 camera
1051 2170 1130 2250 eius,
1146 2169 1304 2256 inquiunt,
1323 2187 1393 2234 non
1413 2184 1450 2234 ut
1467 2188 1522 2233 ex·

331 2283 426 2373 pedit,
449 2283 506 2351 sed
528 2286 658 2374 segnius
680 2284 835 2374 opinione
858 2285 977 2353 civium
992 2284 1028 2340 (l)
1043 2282 1185 2351 hostibus
1208 2281 1328 2349 bellum
1351 2282 1430 2371 geri,
1462 2304 1521 2348 nec

332 2416 497 2487 propterea
519 2421 633 2466 corum
657 2398 758 2466 bursis
775 2401 918 2488 requiem
942 2398 1015 2466 dari.
1062 2421 1129 2466 non
1151 2419 1211 2464 nos
1234 2395 1348 2477 modo,
1362 2395 1421 2464 sed
1444 2395 1521 2464 haec

330 2535 387 2599 per
405 2511 490 2579 urbis
513 2513 653 2600 compita
671 2532 817 2581 mussant
839 2516 934 2597 cives,
953 2513 1068 2603 quibus
1089 2512 1359 2580 mercenariorum
1381 2510 1520 2578 milimm
1548 2533 1567 2579 n

331 2626 464 2693 minime
479 2648 601 2693 cessare
619 2625 768 2694 videntur
786 2650 955 2716 expensae,
972 2651 1033 2696 nec
1051 2645 1086 2695 ut
1108 2625 1244 2694 habeant
1262 2625 1440 2693 honestum
1463 2647 1519 2714 op-

330 2757 494 2828 tatumque
516 2738 616 2807 finem
640 2739 713 2807 belli
730 2741 814 2809 ullos
838 2742 968 2811 bellicos
984 2761 1071 2810 actus
1088 2741 1152 2811 ulla
1167 2759 1254 2830 parte
1269 2739 1338 2807 fien'
1365 2739 1478 2807 vident
1489 2765 1519 2806 s.

331 2853 436 2942 itaque
454 2852 547 2921 huius
569 2854 715 2943 querelae
738 2877 832 2923 causa
854 2879 894 2923 ex
918 2857 993 2946 ipsis
1017 2856 1199 2924 domesticis
1214 2852 1450 2922 consultoribus
1466 2853 1521 2921 eli·

330 2987 449 3056 guntur
470 2991 538 3050 sex,
559 2966 673 3057 quibus
697 2970 829 3057 gerendi
853 2971 925 3039 belli
947 2993 1030 3039 onus
1053 2990 1147 3059 atque
1169 2969 1338 3037 auctoritas
1362 2988 1394 3035 et
1413 2970 1520 3035 omnis

332 3104 405 3150 cura
420 3084 591 3151 commissa
605 3102 651 3150 est
665 3083 710 3150 (¹).
757 3084 790 3151 hi
806 3084 1020 3153 Lomellinam
1035 3106 1181 3152 annonae
1194 3081 1340 3164 fertilem,
1356 3105 1438 3172 quae
1454 3105 1520 3150 non
1550 3105 1561 3150 1

332 3196 458 3264 modica
476 3220 536 3265 nec
555 3196 690 3265 deterior
709 3222 780 3287 pars
798 3201 961 3290 Papiensis
981 3201 1047 3290 agri
1067 3218 1124 3280 est,
1144 3197 1363 3287 occupandam
1380 3220 1450 3265 esse
1467 3198 1520 3265 de·

332 3330 475 3378 cernunt.
521 3311 598 3379 haec
623 3313 848 3381 Lomellinal‘)
865 3318 947 3384 inter
970 3315 1091 3383 Padum
1117 3315 1333 3402 Ticinumque
1357 3335 1450 3381 more
1474 3316 1521 3381 in·

331 3424 418 3492 sulae
432 3425 489 3491 sita
501 3444 557 3492 est
595 3428 701 3514 itaque
712 3429 876 3498 Luchinus
892 3433 1003 3499 Mattei
1017 3429 1110 3513 filius,
1123 3453 1197 3497 cum
1211 3430 1351 3497 exercitu
1363 3429 1520 3498 Ticinum

332 3538 495 3621 transiens,
513 3539 546 3606 in
576 3539 791 3610 Lomellinam
813 3545 927 3628 tendit,
950 3547 1012 3629 cui,
1034 3547 1089 3634 qui
1107 3563 1243 3613 aetatem
1266 3547 1334 3613 eius
1352 3565 1468 3634 regant
1491 3566 1521 3614 et

332 3650 546 3742 gerendorum
570 3677 677 3721 curam
702 3655 849 3741 habeant,
870 3658 932 3726 dati
950 3680 1026 3728 sunt
1048 3660 1236 3728 Guillelmus
1255 3658 1294 3727 de
1318 3659 1446 3740 Casate,
1472 3659 1521 3727 Si·
1547 3674 1567 3720 21

332 3789 411 3834 mon
430 3765 586 3834 Crivellus
605 3786 637 3835 et
655 3769 842 3840 Franciscus
865 3772 904 3841 de
927 3774 1140 3863 Garbagnate,
1160 3776 1209 3840 vir
1231 3775 1377 3863 impiger,
1397 3777 1430 3840 in
1455 3797 1520 3863 quo

332 3900 418 3952 tanta
441 3899 506 3948 erat
524 3881 664 3963 audacia,
688 3903 723 3951 ut
745 3889 851 3974 potius
875 3889 1099 3971 moderandus,
1123 3913 1220 3978 quam
1244 3888 1420 3957 hortandus
1439 3888 1521 3958 foret

333 3998 372 4066 ad
395 3995 532 4086 pericula
561 3998 765 4085 capescenda,
790 4002 879 4070 nullo
898 4003 1006 4071 labore
1031 4006 1170 4093 corporis
1194 4023 1247 4071 aut
1266 4005 1366 4071 animi
1390 4003 1521 4086 fractus,

334 4113 515 4200 incoeptum
539 4113 708 4199 negotium
721 4135 1017 4208 quantumcumque
1037 4119 1170 4188 arduum
1189 4121 1243 4186 uix
1259 4120 1349 4208 liquit
1365 4144 1519 4209 umquam

334 4224 494 4305 infectum,
515 4224 602 4291 cuius
626 4225 774 4295 audaciae
804 4229 932 4298 fortuna
955 4256 1048 4323 saepe
1071 4233 1141 4322 plus
1165 4255 1262 4321 quam
1286 4233 1437 4321 cuiquam
1455 4255 1520 4299 cre·
1546 4247 1563 4293 2

385 4403 564 4462 (u)1nsramm.
580 4403 600 4446 B
616 4403 779 4451 euimcredere
792 4409 883 4455 minime
898 4412 1023 4468 potuissem
1080 4416 1117 4470 (b)
1132 4414 1193 4457 Mur.
1208 4412 1305 4457 civicum
1368 4415 1401 4469 (c)
1416 4413 1511 4458 hama

334 4489 357 4535 B
370 4483 506 4531 Neruelllune
534 4484 594 4530 „llum
608 4484 734 4530 Homelliur
747 4494 772 4532 et
784 4490 845 4534 iden
862 4493 937 4550 unsre,

369 4646 539 4786 (milqurno
563 4647 680 4718 aquesti
701 4651 784 4702 nuovi
809 4651 921 4729 instituti
941 4653 985 4708 del
1007 4655 1157 4726 principato
1180 4668 1307 4710 nascente
1334 4655 1367 4710 cf.
1391 4656 1519 4722 Groirur,

335 4750 383 4803 op„
399 4744 441 4789 ct.
462 4770 470 4784 .
488 4774 494 4795 ,
516 4747 553 4799 59.
