3142 5730
400 510 426 565 1.
456 510 512 564 ue
540 508 857 565 cernebaris.
1181 512 1222 580 27

169 754 271 799 :amen
295 731 524 799 ecclesiasticae
555 729 719 820 dignitatis
742 732 918 798 reverentia
941 732 1074 813 dimisit,
1097 733 1222 802 reddito

169 866 238 915 stro
255 848 374 929 Trecii‚
391 846 479 936 quod
493 847 527 913 in
546 847 616 934 ipso
635 866 870 934 occupaverant
883 847 1022 915 tumultu
1039 849 1222 936 Raynaldus
1307 915 1312 928 ,

169 968 212 1032 {us
230 982 262 1031 et
282 961 458 1054 [Napinus]
478 963 598 1030 cunctis
628 962 774 1030 fratribus
793 962 908 1030 iunior.
955 964 1043 1031 cuius
1065 965 1111 1030 rei
1130 985 1222 1032 causa

170 1099 215 1163 to,
235 1077 431 1167 RaynalduS,
450 1097 482 1144 et
501 1079 621 1146 cunctis
644 1077 790 1145 fratribus
814 1077 920 1146 iunior
938 1077 1095 1166 Napinus,
1113 1078 1224 1147 exules

169 1193 362 1263 esiderabant
385 1214 417 1262 et
448 1194 523 1262 totis
547 1192 664 1260 viribus
687 1193 898 1281 procurabant
929 1193 1013 1282 regis
1037 1194 1223 1278 adventum,

169 1333 223 1379 uos
240 1309 352 1378 fratres
366 1332 442 1377 suos
459 1310 613 1390 liberaret,
629 1331 711 1399 quos
726 1310 735 1399 ss
748 1311 782 1377 in
801 1331 871 1377 arce
889 1309 1070 1399 Angleriae,
1086 1309 1222 1378 obscuro

174 1426 308 1509 clausos,
329 1427 396 1514 ipse
412 1425 521 1494 Guido
540 1424 707 1494 crudeliter
720 1423 893 1493 retinebat:
907 1427 1073 1514 Paganum
1093 1426 1222 1508 scilicet,

168 1563 219 1610 um
238 1561 270 1609 et
289 1541 555 1609 Moschinumb).

169 1680 226 1725 um
244 1678 300 1724 sex
315 1654 459 1737 fratrum,
472 1673 506 1723 ut
518 1655 714 1744 praedicmm
728 1674 787 1736 est,
805 1657 918 1723 Musca
934 1675 1022 1744 pater
1029 1656 1064 1712 (⁸)
1077 1655 1146 1737 fuit,
1160 1656 1221 1740 cui,

168 1771 340 1862 rpraefato
352 1769 514 1853 Guidone,
530 1794 609 1838 avus
624 1769 726 1839 fuerat
740 1772 889 1860 Paganus
905 1772 1035 1839 natione
1048 1771 1152 1853 Miles,
1167 1774 1222 1860 qui

190 1888 295 1977 magis
318 1886 457 1955 filiorum
481 1908 578 1976 quam
602 1886 783 1955 divitiarum
812 1887 903 1975 copia
926 1885 1002 1953 felix
1025 1885 1094 1954 fuit.
1140 1865 1223 1955 duos

168 2002 292 2092 eliquit,
314 2025 465 2091 quorum,
484 2025 558 2091 prae
577 2004 716 2084 caeteris,
733 2002 796 2070 hoc
815 2002 889 2070 loco
908 2002 1029 2070 mentio
1048 2003 1150 2092 aptior
1168 2024 1222 2070 oc·

168 2117 248 2199 obis,
267 2118 494 2208 Napoleonem
513 2118 641 2201 scilicet,
661 2136 693 2185 et
713 2118 926 2186 Franciscum.
972 2118 1054 2185 inter
1072 2116 1132 2183 hos
1150 2141 1219 2206 per·

168 2232 345 2301 ambitionis
368 2251 401 2301 et
419 2232 557 2301 invidiae
576 2255 702 2322 semper
716 2232 863 2301 stimulus
882 2231 950 2300 fuit.
998 2232 1127 2299 caeteris
1143 2253 1220 2300 vero

167 2372 215 2431 es;
228 2349 333 2416 necin
347 2349 428 2416 eavi
441 2348 567 2416 animus
583 2371 735 2437 unquam,
750 2366 785 2415 ut
801 2349 876 2436 ipsis
891 2347 1036 2415 fratribus
1051 2349 1116 2415 suis
1130 2370 1220 2436 pares

169 2482 361 2545 esumerent,
375 2466 492 2553 quippe
506 2464 604 2552 longe
619 2463 782 2532 inferiores
793 2464 902 2531 aetatis
917 2481 1017 2544 erant,
1030 2463 1126 2531 unico
1139 2461 1220 2532 forte

167 2597 194 2648 at
209 2598 345 2668 excepto
362 2577 566 2667 Raymundo.
613 2579 664 2646 hic
679 2580 739 2646 nisi
752 2580 910 2647 Ecclesiae
928 2578 1038 2647 fuisset
1056 2579 1219 2648 honorum

167 2719 179 2763 s
202 2693 284 2762 forte
303 2713 481 2783 promotus,
502 2694 612 2762 tertius
631 2695 663 2761 in
681 2693 691 2784 fi
709 2692 841 2761 fratrum
861 2693 1043 2762 ambitionis
1061 2693 1218 2764 seditione

194 2809 260 2878 Sed
287 2809 427 2877 Ecclesia
456 2808 515 2876 sibi
546 2796 638 2877 suam
667 2808 800 2876 honoris
823 2827 944 2899 partem
967 2809 1085 2878 tribuit.
1142 2831 1218 2877 nam

187 2926 354 3015 episcopus
375 2927 552 3007 Cumanus,
573 2924 688 2992 deinde
707 2924 970 3013 metropolitanae
987 2925 1070 2993 sedis
1089 2925 1217 3015 Aquile-

167 3041 289 3109 ttriarca
302 3041 370 3109 fuit.
408 3042 557 3131 Napoleo
569 3060 657 3129 pater
671 3041 823 3109 Muschae
837 3040 907 3122 fuit,
919 3063 1016 3130 quem
1028 3042 1074 3123 θ’),
1087 3060 1216 3110 mortuo

167 3182 175 3224 t
194 3157 234 3225 de
253 3157 283 3224 la
302 3157 407 3224 Turre
431 3159 596 3246 capitaneo
619 3157 739 3245 populi,
763 3155 903 3225 eundem
926 3157 1155 3224 dominationis
1178 3157 1217 3223 ti-

166 3273 350 3355 ³ranciscus,
370 3273 464 3340 huius
487 3271 646 3340 Guidonis
664 3273 806 3361 paterl‘)‚
825 3290 861 3339 ut
883 3289 962 3359 puto
989 3270 1099 3338 aetatis
1128 3293 1217 3338 reve·

166 3390 315 3477 uscipete
339 3411 448 3477 passus
472 3406 530 3468 est,
550 3388 621 3455 licet
643 3387 806 3455 ferocitate
830 3387 929 3454 animi
952 3409 988 3455 ac
1006 3386 1125 3454 virtute
1147 3408 1217 3453 cot-

166 3505 272 3593 perior
290 3503 381 3571 foret.
428 3503 513 3571 unde
533 3525 600 3571 non
619 3504 727 3570 minor
749 3504 890 3592 potentia
914 3502 983 3570 sine
1005 3501 1099 3570 titulo
1117 3525 1215 3590 penes

166 3621 226 3703 uit3
242 3618 329 3709 quod
348 3621 447 3708 patuit
466 3620 648 3688 divitiarum
668 3622 768 3708 copia,
788 3641 867 3708 quas
884 3619 1012 3708 reliquit
1027 3619 1129 3688 multo
1148 3643 1215 3688 am-

165 3735 235 3824 ipso
257 3734 448 3823 Napoleone
471 3733 565 3802 fratre
595 3757 665 3802 suo.
727 3735 805 3802 haec
831 3733 997 3803 seditionis
1020 3753 1052 3802 et
1079 3734 1215 3802 invidiae

166 3871 235 3932 sos,
250 3871 388 3937 suosque
404 3849 577 3937 complices
591 3848 725 3915 demum
743 3850 957 3937 praecipitauit
976 3872 1077 3938 usque
1094 3850 1128 3917 in
1146 3872 1215 3938 per·

166 4084 308 4138 ,Abfrnter
362 4084 560 4141 (b)Aa,Abqui
614 4083 837 4140 (ammoneret

169 4287 309 4342 Tmsrnur
323 4288 436 4342 Cutem
447 4287 514 4342 Med.
524 4289 595 4342 histo·
640 4289 736 4343 sconti.
757 4288 799 4342 Cf.
808 4289 934 4354 Grucnu,
945 4304 989 4359 op.
996 4287 1131 4358 cit,parte
1138 4285 1212 4352 VIII,

165 4371 596 4444 [X,Med.,1627‚p.453;B.Co
640 4391 664 4443 p.
683 4371 732 4444 576
748 4390 762 4427 e
776 4389 835 4444 sgg.
872 4371 934 4425 Che
952 4371 998 4443 poi
1014 4370 1210 4425 l'arcivescovo

165 4460 239 4511 storia
257 4457 283 4510 di
302 4459 401 4511 lliluuo
426 4459 595 4527 volgarmcnte
639 4474 695 4510 non
706 4468 842 4510 ottenesse
855 4455 880 4509 la
892 4455 987 4509 liberta
1000 4471 1029 4509 se
1044 4471 1100 4508 non
1111 4465 1210 4527 apatto

165 4541 250 4606 rdova,
269 4540 343 4610 1646,
359 4555 433 4613 parre
449 4543 482 4607 11,
498 4561 523 4614 p.
536 4557 592 4613 330·
640 4541 691 4595 che
705 4541 713 4593 i
727 4539 825 4595 fratelli
839 4538 956 4593 Riualdo
973 4556 987 4593 e
1000 4538 1109 4610 Napino
1122 4539 1211 4593 cedes-

165 4625 201 4680 lei
211 4626 284 4679 citati
294 4627 386 4681 storici
397 4643 516 4680 accenna
527 4630 592 4698 pero
639 4641 700 4680 sero
709 4624 729 4678 il
739 4623 851 4679 castello
861 4621 1084 4690 diTrezzo,dove
1094 4624 1116 4678 si
1126 4639 1210 4678 erano

165 4726 177 4763 o
201 4720 310 4765 trattato
334 4723 374 4764 tra
397 4711 591 4765 l’arcivescovo
637 4708 832 4780 asserragliati,
862 4723 920 4762 nou
944 4709 959 4761 ὲ
991 4704 1134 4763 affermato
1158 4707 1210 4762 che

165 4793 232 4849 della
251 4793 340 4849 Torre
359 4812 373 4849 e
393 4794 528 4850 Galeazzo
547 4793 591 4847 Vi·
636 4793 682 4847 dal
691 4793 723 4848 C.
