3142 5730
169 329 212 396 72
639 326 895 383 nrsrotun

170 571 285 616 verum
308 548 413 636 ipsum
438 547 584 615 tractavit
602 564 639 614 ut
656 545 796 614 hostem
843 570 923 616 nam
944 547 1032 615 illico
1050 567 1169 636 reperta
1187 567 1227 615 est
1242 548 1310 639 aquia

170 665 251 732 olim
270 662 451 753 imperialis,
463 681 499 730 ut
511 681 603 751 puto,
620 663 798 731 reverentia
816 663 850 732 in
870 663 1002 732 secretis
1021 662 1148 731 aedium
1160 685 1238 732 muro
1250 664 1310 754 picn,

170 802 268 870 quam
281 780 412 869 laqueus
424 802 526 868 nuper
537 776 675 846 carbone
686 777 913 869 factus‚stipite
923 778 1070 848 similiter
1081 777 1206 845 carbone
1218 779 1311 867 signatu

170 919 359 986 suspensam
371 915 459 966 tenet
468 896 515 979 (¹),
526 918 649 964 vanum
661 918 697 963 ac
709 895 988 987 stolidumlopus
1000 915 1036 965 ut
1047 895 1154 977 ferun,
1165 893 1312 965 lamulil'ro

171 1011 378 1078 monensium
402 1008 775 1099 legatorumGuelficae
805 1010 915 1098 partis,
945 1011 1002 1100 qui
1025 1009 1123 1099 paulo
1145 1027 1210 1078 ante
1233 1006 1313 1077 ibidtn

170 1124 316 1212 hospicio
334 1123 467 1192 fuerant
506 1123 569 1190 hoc
588 1121 732 1212 garmlus
748 1122 895 1191 adulator
913 1145 974 1192 suo
992 1125 1149 1192 nuncians
1166 1122 1280 1206 domiuo,
1291 1146 1332 1195 at.

171 1240 260 1308 velut
271 1262 405 1307 saevum
418 1262 455 1307 ac
466 1238 682 1328 periculosum
697 1239 873 1308 ostendens
888 1239 1013 1308 facinus
1025 1240 1079 1308 ille
1091 1261 1196 1309 servus
1206 1262 1315 1329 nequam:
1332 1288 1336 1295 .

174 1384 190 1420 u
203 1356 286 1438 vide,
301 1354 415 1443 inquit,
427 1354 558 1423 domine
570 1355 628 1437 mi,
640 1353 777 1423 Guelfici
789 1354 925 1444 hospitis
938 1356 1041 1424 nostri
1051 1355 1197 1446 perfidiae
1207 1376 1317 1444 magnum

169 1472 298 1562 signum
315 1497 347 1536 u.
394 1471 457 1537 hoc
476 1470 573 1558 igitur
591 1468 764 1538 ridiculoso
782 1469 818 1525 (b)
837 1471 973 1541 crimine
997 1470 1082 1561 apud
1106 1470 1262 1563 quemlibet
1276 1492 1318 1536 nt·

168 1585 373 1674 gnanimum,
384 1585 513 1673 ignarus
525 1583 644 1673 hospes
656 1583 788 1673 indigne
803 1608 841 1653 ac
855 1608 952 1654 saeve
964 1587 998 1654 in
1014 1586 1186 1656 obscurum
1197 1606 1319 1675 acturpen
1344 1568 1347 1619 ἶ

168 1698 358 1788 pensabitur
376 1700 507 1766 carceris
526 1698 636 1767 locum
654 1699 709 1782 (03
729 1699 783 1768 ubi
803 1700 867 1767 hoc
891 1701 1027 1769 crimine
1051 1703 1203 1771 innocens
1219 1702 1278 1770 citis
1290 1686 1347 1766 aad

168 1814 281 1880 seritur
300 1814 384 1881 vitae
402 1836 486 1881 reus.
533 1812 678 1897 demum,
697 1814 887 1883 testantibus
906 1816 1022 1884 vicinis
1045 1818 1124 1900 suis,
1141 1819 1237 1906 ipsum
1256 1814 1321 1881 bone·

169 1946 256 1995 stum
271 1930 388 2012 virum,
404 1953 464 1997 nec
480 1952 570 1997 more
586 1948 779 2018 agnatorum
794 1952 930 1999 suorum
944 1955 1094 2022 unquam
1109 1934 1237 2023 partium
1249 1927 1323 1998 studit

169 2043 324 2123 deditum,
345 2043 559 2113 mediantibus
577 2045 763 2135 quingentis
781 2044 913 2114 florenis
929 2047 1009 2130 auri,
1025 2047 1131 2116 bonae
1146 2048 1181 2103 (ἃ)
1191 2041 1323 2115 Iamaeviri

170 2156 308 2225 donatur
328 2159 403 2225 vita.

236 2273 361 2340 XXXI.
400 2275 525 2341 Interea
538 2295 614 2341 cum
626 2273 768 2365 undique
784 2274 910 2343 deditae
930 2275 1025 2344 urbes
1039 2295 1137 2367 atque
1151 2275 1256 2367 oppida
1269 2271 1325 2340 lesi

170 2407 281 2456 natum
297 2389 472 2456 exercitum
485 2390 774 2475 Mediolanensem,
793 2393 922 2481 magnis
934 2391 1149 2482 apparatibus,
1167 2405 1326 2482 sequeretur

169 2526 279 2570 versus
299 2505 520 2573 Cremonense
545 2509 739 2576 territorium
761 2531 830 2576 non
854 2532 921 2576 uno
940 2509 1056 2577 itinere
1079 2524 1325 2599 properantem

168 2617 254 2684 illico
275 2618 473 2686 Cremonam
491 2619 606 2703 tendit,
629 2620 762 2689 dimisso
783 2622 912 2690 Laudae
931 2621 967 2676 (¹)
990 2622 1113 2692 idoneo
1133 2621 1326 2692 subsidione

168 2733 273 2822 gentis
291 2734 337 2817 (²),
356 2752 391 2802 ut
413 2734 447 2801 in
470 2735 547 2802 urbe
571 2735 680 2804 exules
703 2737 937 2819 reconciliatos,
957 2739 1013 2827 qui
1032 2738 1138 2828 longo
1163 2738 1250 2807 exilio
1269 2731 1347 2812 velut}

170 2849 311 2916 advenae
330 2846 414 2932 lacti,
434 2869 548 2917 cuncta
566 2850 736 2939 pavebant,
758 2872 866 2920 mente
891 2853 1073 2922 confirmet.
1121 2878 1231 2922 verum
1243 2869 1271 2920 ut
1288 2849 1328 2916 sint

170 2967 301 3034 tutiores
325 2966 505 3033 Antonium
529 2965 568 3033 de
592 2967 740 3056 Fixiraga
762 2986 794 3035 et
816 2968 986 3058 plerosque
1011 2993 1089 3038 suae
1114 2969 1254 3039 factionis
1271 2963 1328 3055 prit-

172 3082 266 3171 cipes,
286 3081 371 3150 velut
390 3080 449 3148 sibi
473 3104 574 3165 caros,
594 3105 630 3150 ac
649 3082 784 3150 consilio
807 3105 866 3151 suo
891 3086 937 3151 uti
955 3084 1083 3168 volens,
1104 3084 1233 3152 ubilibet
1251 3095 1327 3148 secum

172 3219 240 3264 esse
260 3195 355 3262 iubet.
374 3284 376 3291 s
401 3194 478 3283 quid
490 3195 595 3284 itaque
610 3194 792 3263 Cremonae
804 3214 912 3264 actum
926 3198 968 3265 sit
983 3195 1143 3265 disseram
1154 3197 1201 3264 (s).
1241 3209 1331 3265 venam,

172 3315 354 3402 priusquam
370 3312 500 3381 ulterius
515 3312 699 3401 procedam,
716 3312 813 3400 ipsius
829 3314 967 3381 civitatis
983 3315 1137 3382 miseram
1153 3310 1331 3382 conditionem

173 3431 279 3518 paucis
300 3425 527 3518 exponendum
546 3445 636 3516 put0.

240 3545 382 3612 XXXII.
429 3545 468 3611 In
488 3543 663 3625 Cremona,
675 3543 796 3611 cunctis
816 3542 984 3611 Gibellinis
1005 3543 1087 3611 olim
1102 3545 1210 3633 pulsis,
1225 3532 1333 3612 Guelfica

81 3714 85 3721 .
174 3661 316 3752 potentia
335 3661 414 3728 adeo
430 3678 587 3741 senuerat,
596 3657 604 3748 ll
620 3678 654 3726 ut
672 3682 776 3727 novae
796 3677 910 3748 partes,
923 3658 1045 3728 invidia
1058 3661 1218 3751 prosperis
1232 3680 1263 3724 ac
1273 3645 1334 3721 laetis

175 3776 267 3845 rebus
287 3794 366 3859 orta,
381 3776 445 3842 iam
464 3773 614 3841 maximis
633 3773 714 3841 odiis
733 3772 933 3862 pullularent.
980 3796 1057 3840 narn
1083 3798 1158 3842 cum
1183 3772 1288 3842 multae
1301 3782 1336 3830 su·

230 4006 260 4060 (a)
277 4003 317 4048 Bb
331 4001 422 4059 signato,
437 4002 516 4057 laqueo
530 4003 627 4043 carbone
640 3997 702 4055 plcro
716 3995 810 4052 turpiter
825 3994 925 4053 pendens
943 3995 1037 4040 latronis
1050 4009 1122 4049 more,
1137 4009 1222 4042 tanum
1276 3989 1301 4049 (bl
1312 3971 1342 4026 Β,

176 4085 270 4131 ridiculo
338 4085 367 4139 (c)
384 4079 658 4137 Aaprotrahiturlocum
726 4073 929 4131 (dlellorenis,
939 4076 1011 4119 bonae
1078 4078 1109 4130 (e)
1126 4072 1280 4122 BbsubsIdIo
1292 4061 1347 4126 ζώω

178 4167 208 4224 (I)
220 4167 261 4212 Bb
275 4175 351 4211 actum
368 4164 397 4208 sit
412 4161 528 4206 disseram.
557 4159 654 4204 xxxlr.
685 4159 710 4201 In
729 4155 840 4201 Cremona

216 4374 258 4442 (ι)
278 4371 346 4425 «De
366 4367 458 4425 Laude
483 4365 573 4419 audivi
597 4362 669 4437 quod
691 4361 754 4416 Cre·
799 4380 813 4409 n
826 4357 908 4425 aliud,
918 4347 1347 4430 nisiquodmandavitPergame

151 4461 157 4469 ’
183 4456 403 4520 «mamintus
428 4451 574 4508 introduxit
600 4463 694 4504 secum
713 4461 755 4498 ex·
800 4445 898 4498 «sibus
900 4444 990 4541 ‚quod
1007 4443 1131 4497 venirent
1150 4445 1184 4498 ad
1201 4462 1273 4508 eum,
1285 4433 1347 4500 et¹i

181 4541 307 4614 «pulsos,
333 4552 359 4593 et
378 4541 416 4594 eIs
435 4536 553 4610 pepercit
572 4536 599 4589 in
619 4531 754 4596 omnibus,
801 4542 890 4583 «tunc
906 4530 1000 4583 venire
1018 4528 1205 4584 noluerunt»
1232 4517 1347 4584 Cosllll

180 4650 194 4678 n
208 4644 260 4681 nec
275 4624 395 4680 intellexi
411 4621 483 4697 quod
497 4620 598 4693 aliquid
615 4618 651 4673 ibi
661 4616 755 4672 lecerit
801 4616 890 4671 Bora.
903 4614 965 4685 899
