3142 5730
455 119 482 174 1.
509 118 568 173 os
595 117 911 173 csnusunrs.
1236 125 1275 190 33

10 210 33 291 b
519 278 522 283 .

18 340 23 347 '
109 343 194 415 omns
208 339 340 409 exulans
356 339 534 409 Gibellinus
552 341 691 423 invocet,
707 356 783 407 ante
797 338 912 406 horam
928 339 1133 429 ingredientis
1150 342 1278 409 Italiam

13 350 95 617 μ
112 459 175 549 regis
189 458 315 545 ipsemet
337 478 393 559 rex
417 454 524 546 (eam)
544 453 711 523 desiderati
734 455 837 522 exulis
860 478 972 523 amans
991 478 1124 537 nomen,
1149 459 1277 525 franci-

25 604 34 655 ;
117 596 185 645 aum
192 570 225 640 de
242 571 445 661 Garbagnate
464 593 558 660 saepe
575 569 665 639 adse
683 573 792 639 venire
804 570 927 654 iubens,
946 571 985 638 ab
998 594 1037 639 eo
1049 590 1155 640 tantae
1172 572 1277 641 homi-

12 618 35 771 ξ
119 691 155 759 nis
168 687 319 770 absentiae,
335 687 422 755 velut
438 685 655 769 mirabundus,
671 709 799 755 causam
811 688 942 776 quaerit.
981 688 1086 776 itaque
1098 689 1277 778 pernicibus

10 780 23 869 i·
120 803 198 872 lanae
216 803 391 872 rumoribus
402 825 440 871 ac
456 802 571 870 crebris
585 804 705 870 nuntiis
721 804 860 871 Matteus
876 803 1060 871 venientem
1079 827 1192 893 segem
1210 829 1278 894 per·

42 986 48 1001 ,
121 920 176 1010 cipit
189 921 242 988 iam
262 919 344 987 fines
362 919 460 986 Italos
479 919 632 1007 attigisse,
654 940 789 1007 propere
807 941 874 986 non
893 921 1074 1008 assumptis,
1094 919 1150 987 sed
1174 921 1275 1009 depo-

10 1012 106 1131 Ξὶιο
119 1035 169 1115 sitis
186 1033 381 1123 apparatibus,
403 1031 570 1122 egrediens
588 1033 717 1101 latibula
741 1035 843 1116 castri,
860 1033 989 1102 humilis
1008 1032 1120 1103 famuli
1145 1036 1276 1104 servitio

122 1150 201 1230 ortior,
217 1149 352 1217 subitum
371 1151 430 1217 iter
451 1148 541 1238 rapit.
587 1148 639 1216 hic
658 1148 779 1216 etenim
802 1149 894 1238 copia
912 1149 1068 1217 virtutum
1088 1149 1189 1232 dives,
1209 1173 1277 1218 non

10 1240 21 1331 s·
121 1265 249 1357 publicaell
263 1267 455 1355 paupertatis
474 1287 573 1354 opum
592 1283 684 1332 scuto
699 1284 797 1346 tutus,
809 1265 880 1332 luce
895 1288 999 1353 neque
1014 1265 1131 1354 palam,
1146 1284 1200 1333 aut
1218 1290 1276 1355 pu-

122 1378 209 1448 blicum
227 1403 278 1449 seu
300 1400 425 1450 rectum
447 1382 508 1448 iter
529 1401 640 1469 capere
666 1379 772 1462 audet,
798 1380 947 1469 capitales
975 1381 1118 1448 hostium
1145 1380 1275 1449 insidias

10 1472 22 1553 'j
122 1494 216 1579 tinem,
227 1496 278 1565 sed
296 1520 353 1587 per
372 1496 515 1564 occultos
530 1496 622 1564 calles
638 1514 670 1564 et
689 1518 773 1562 raras
788 1496 916 1563 semitas
928 1497 986 1563 iter
1004 1495 1135 1577 faciens,
1158 1495 1276 1585 longos

10 1598 102 1701 {⁶115
121 1627 237 1680 anuum
254 1630 369 1681 tracms
382 1613 535 1694 circuens,
551 1630 682 1679 cunctos
697 1611 756 1680 sibi
772 1630 975 1679 occurrentes
983 1612 1017 1666 (¹)
1030 1631 1135 1700 pavet.
1170 1615 1276 1681 omnis

17 1776 21 1783 .
120 1724 209 1813 pedum
227 1730 371 1818 strepitus
389 1746 422 1795 et
439 1727 547 1817 fragor
568 1727 719 1794 arborum
737 1727 901 1816 suspendit
924 1746 1067 1808 euntem,
1087 1729 1204 1817 quippe
1218 1730 1277 1798 scit

120 1841 169 1909 eius
181 1843 324 1935 iugulum,
343 1845 528 1935 praesertim
540 1844 602 1912 hoc
618 1845 768 1913 novitatis
787 1864 943 1934 tempore,
960 1846 1081 1912 cunctis
1095 1845 1219 1914 insidiis
1239 1870 1275 1915 ac

119 1960 227 2029 maxima
248 1961 407 2043 mercede,
421 1960 540 2049 quaeri.
586 1959 717 2028 tandem
741 1983 826 2028 nunc
842 1959 950 2028 habitu
971 1961 1168 2050 peregrinus,
1190 1987 1276 2031 nunc

119 2070 215 2143 sedulus
227 2075 420 2145 famulorum
435 2076 583 2163 armiger,
591 2076 716 2164 saepius
732 2074 887 2163 obsequio
900 2076 1014 2158 noctis,
1029 2098 1202 2164 properans
1218 2079 1276 2145 iter

50 2190 101 2243 rao
118 2205 198 2272 suun,
216 2193 300 2261 uenit
323 2192 357 2259 in
380 2192 439 2258 Ast
453 2191 498 2274 (¹),
523 2190 576 2258 ubi
595 2207 732 2258 traxerat
751 2213 806 2257 rex
824 2191 889 2257 iam
912 2190 1023 2259 diebus
1041 2192 1184 2280 pluribus
1204 2216 1275 2261 mo·

25 2342 38 2363 ·.
118 2320 177 2387 ram,
187 2327 348 2397 expectans
366 2305 535 2396 plerosque
553 2328 699 2396 proceres
720 2306 884 2374 venientes
901 2324 932 2374 et
951 2306 1146 2375 Theutonae
1170 2308 1275 2397 gentis

117 2431 216 2491 tfflmas.
257 2421 351 2505 forte,
375 2443 413 2489 ea
436 2421 563 2489 modica
584 2422 729 2512 equitum
752 2421 852 2503 mrba,
875 2443 959 2511 quae
982 2445 1092 2491 secum
1116 2442 1193 2506 erat,
1216 2424 1276 2491 mi·

115 2527 181 2601 nime
194 2538 354 2628 reputabat
368 2557 474 2607 tutum
493 2560 561 2605 esse
581 2536 764 2625 ambiguam
779 2537 788 2626 ll
801 2535 898 2605 fidem
917 2539 1072 2627 Ligumm
1092 2538 1257 2628 explorare
1266 2565 1276 2622 ;

114 2648 229 2721 nondun
252 2654 375 2722 etenim
398 2653 488 2721 omni
511 2653 656 2741 equitum
679 2675 807 2742 genere,
831 2675 912 2742 quos
941 2677 1053 2721 secum
1079 2653 1275 2738 ductaverat,

54 2756 93 2828 ¹²5
113 2756 172 2831 citra
184 2788 306 2838 montes
325 2770 365 2837 ad
383 2769 634 2859 quingentomm
658 2791 827 2836 numemm
848 2770 1038 2859 attingebat;
1062 2771 1180 2860 quippe
1203 2794 1276 2860 pro·

109 2875 185 2951 missa
204 2885 291 2955 ducis
312 2885 471 2968 Austriae,
491 2908 596 2973 neque
618 2884 757 2974 plurium
783 2886 916 2953 afiorum
940 2909 1109 2974 procerum
1123 2887 1274 2971 subsidia,

104 2988 200 3067 relictis
211 2999 393 3069 Theutonis
404 2997 531 3081 finibus,
544 3018 629 3067 certa
640 3018 730 3067 erant
744 2999 754 3054 (
768 3000 788 3065 ).
840 3000 946 3090 itaque
963 3002 1103 3070 Matteus
1119 3003 1187 3070 sive
1201 3025 1275 3072 casu

101 3122 185 3201 lctus,
204 3143 259 3187 seu
283 3117 418 3186 consilio
440 3140 500 3187 suo
523 3140 617 3186 ausus
640 3117 765 3207 plebeio
787 3120 918 3200 amictu,
942 3144 1002 3188 nec
1026 3143 1094 3189 non
1118 3120 1274 3190 obscurae

96 3233 186 3300 Iloctis
210 3232 323 3301 umbra
344 3250 456 3314 tectus,
480 3255 516 3300 ac
540 3232 618 3300 nulli
641 3234 801 3323 cognitus,
826 3235 997 3302 Astensem
1025 3237 1120 3304 intrat
1150 3236 1273 3321 urbem,

138 3424 168 3483 (a)
176 3428 217 3473 Ab
229 3433 374 3473 assumentes

84 3588 153 3654 ‘qui
170 3600 245 3654 tunc,
269 3587 398 3644 defuncto
420 3601 503 3660 patre,
522 3588 653 3660 regnabat
732 3590 775 3659 (2)
792 3589 940 3645 Credianro
955 3592 1002 3664 pili
1021 3593 1178 3649 attendibile
1193 3593 1219 3649 la
1235 3607 1274 3649 tc·

80 3661 244 3747 ‘ingratum
262 3689 293 3728 se
317 3673 399 3728 sciret
416 3671 574 3745 Baylardini
592 3672 654 3726 hor·
697 3674 877 3728 stimonianza
893 3676 936 3729 dcl
952 3676 995 3743 C,
1015 3677 1066 3732 che
1086 3679 1146 3732 cine
1162 3678 1273 3750 l'impc-

30 3783 32 3787 ·
76 3754 173 3825 “tam
190 3756 349 3830 Nogarolae
370 3772 415 3810 rus
434 3756 507 3828 quod
525 3756 653 3810 Mantuae
697 3770 786 3813 ratore
805 3777 861 3814 non
880 3777 1003 3831 passasse
1022 3762 1048 3816 le
1067 3763 1131 3834 Alpi
1147 3763 1199 3817 che
1219 3779 1272 3817 con

75 3830 204 3897 “finibus
226 3839 427 3895 conterminum
452 3839 586 3894 sedet....
604 3838 653 3893 ha·
698 3859 734 3895 un
750 3843 857 3913 seguito
872 3843 898 3897 di
921 3860 971 3914 500
989 3844 1125 3900 cavalieri.
1160 3846 1184 3900 ll
1204 3847 1273 3901 duca

73 3912 205 3982 '‘bitator
217 3923 367 3979 incoluit».
697 3926 843 3990 d'Austria,
864 3926 956 3982 Guido
976 3928 1009 3982 ed
1029 3929 1093 4000 Ugo
1116 3929 1226 3986 Delfino
1246 3931 1274 3985 di

109 4006 159 4081 (ι)
181 4008 225 4066 ef.
251 4008 287 4064 G.
303 4007 463 4064 Vsurumr.
483 4007 653 4064 claranda.
698 4009 813 4075 Vienna,
829 4027 844 4065 e
863 4010 970 4084 Filippo
985 4011 1013 4065 di
1033 4012 1133 4067 Savoia
1153 4013 1190 4085 gli
1211 4032 1273 4071 avc-

70 4070 178 4163 LV111,
190 4110 253 4164 230,
269 4094 338 4148 Aba.
351 4093 500 4159 Mussnw,
515 4092 582 4148 Hirr.
597 4095 654 4148 Au·
697 4112 769 4149 vano
785 4111 928 4167 promesso
944 4097 971 4150 in
990 4096 1096 4152 diversa
1115 4098 1217 4156 misura
1237 4118 1274 4156 un
1340 4102 1346 4115 '

67 4176 160 4243 Μαι,
192 4179 215 4245 l,
236 4178 309 4233 rubr.
335 4192 362 4233 x.
410 4176 474 4233 Aila
502 4189 601 4232 venuta
625 4177 653 4231 di
698 4179 873 4251 contingente
888 4181 1022 4236 d’uonrini
1038 4183 1093 4237 edi
1112 4184 1209 4240 cavalli
1225 4204 1274 4260 per

70 4238 186 4319 Museo
205 4260 332 4319 Visconti
357 4262 386 4317 in
409 4262 469 4317 Asai
494 4278 651 4318 accennano
698 4265 842 4330 ciascuno;
862 4283 906 4320 ma
926 4265 974 4320 tali
992 4269 1089 4323 sussidl
1104 4286 1162 4324 non
1181 4272 1204 4326 si
1222 4283 1275 4327 tro-

69 4344 173 4402 anche
189 4348 220 4403 Β.
237 4347 378 4413 Monrorn,
405 4346 427 4416 l,
447 4363 488 4415 vr,
509 4361 575 4420 ¹⁰97
600 4364 614 4402 e
633 4347 653 4401 il
697 4364 804 4404 varono
814 4365 868 4403 con
878 4349 915 4422 gl'
923 4351 1058 4423 imperiali
1070 4354 1097 4408 in
1111 4355 1180 4424 Asai,
1194 4372 1275 4412 come

75 4410 227 4499 Pham,
240 4430 288 4499 lv,
305 4446 381 4503 ¹057·
698 4433 1168 4512 vorrebbeilFenrtero,lV,1o58.
1206 4441 1275 4499 Cosl

191 4551 407 4601 raca-rme.
1154 4576 1167 4621 3
