3142 5730
245 437 283 485 12
714 435 965 493 HISTORIA

239 658 344 726 maior
360 680 432 747 pars
450 657 623 726 incolumis
644 657 746 726 Veios
763 655 916 746 profugit.
963 656 1054 726 unde
1075 680 1144 725 non
1166 656 1257 725 modo
1275 653 1365 746 praesidi

237 773 422 864 quicquam,
440 773 497 842 sed
509 795 550 842 ne
562 770 696 864 quidem
714 774 852 841 nuncius
871 774 1015 843 Romam
1032 774 1151 841 missus
1169 791 1224 839 est
1263 770 1365 838 alestorn

238 911 340 959 cornu
354 888 443 980 quod
456 889 597 978 procula
608 888 753 972 flumine,
763 907 796 957 et
804 889 909 978 magis
920 888 982 956 sub
995 906 1110 957 monte
1121 905 1271 970 steteram,
1281 888 1367 957 linum

237 1027 354 1075 omnes
370 1005 500 1094 petiere.
545 1024 588 1086 et,
607 1027 668 1072 nec
685 1006 783 1072 etiam
797 1002 884 1072 urbis
897 1003 1014 1071 clausis
1028 1005 1142 1094 portis,
1160 1005 1194 1071 in
1212 1025 1300 1071 arcem
1312 998 1400 1089 cano

235 1118 394 1189 tobiano>
415 1118 631 1209 confugerunt
638 1119 684 1186 (¹).
726 1118 810 1187 Galli
828 1138 896 1187 tam
914 1119 1103 1208 repentinae
1115 1114 1369 1187 victoriaemiratnb

235 1234 413 1325 stupefacti,
432 1257 499 1302 non
522 1234 640 1303 eodem
658 1234 722 1318 die,
741 1257 816 1302 cum
835 1233 937 1324 spolia
956 1234 1152 1303 cadaverum
1170 1234 1299 1324 legentes
1313 1230 1342 1320 p'

235 1367 271 1416 ut
288 1350 339 1417 sui
356 1349 456 1417 moris
473 1367 533 1431 est,
556 1352 590 1417 in
607 1350 617 1440 Ι
636 1348 803 1418 cumulum
828 1368 1066 1430 coacervarent,
1090 1349 1205 1418 urbem
1222 1348 1264 1416 eis
1281 1364 1372 1438 paratio

235 1466 350 1553 apertis
367 1465 467 1554 portis
485 1466 601 1534 intrare
613 1465 797 1547 voluerunt,
811 1483 843 1532 et
861 1486 936 1532 curn
950 1487 1052 1554 prope
1065 1483 1213 1554 patentes
1227 1460 1373 1555 portasnrbis

234 1580 450 1661 aocessissent,
462 1578 594 1647 insidias
604 1581 811 1669 suspicantes,
822 1580 970 1664 timuere,
981 1598 1014 1649 et
1025 1579 1185 1648 idoneum
1197 1580 1327 1668 tempori
1335 1595 1375 1665 spt
1388 1580 1406 1650 25

233 1695 317 1764 tium
335 1695 493 1764 iuventuti
514 1696 682 1766 Romanae
700 1694 740 1764 ad
763 1694 1000 1764 defendendam
1018 1696 1147 1779 urbem,
1165 1695 1243 1765 dum
1263 1693 1376 1762 fatasine
1423 1774 1426 1797 Ι

233 1831 315 1896 rent,
335 1811 463 1881 dabant
508 1835 591 1902 quae
613 1813 686 1881 solo
710 1813 872 1902 Capitolio
897 1830 1060 1894 contenta,
1087 1811 1207 1881 relictis
1231 1810 1343 1890 senibus,
1357 1827 1378 1871 ac

234 1946 357 1995 caetera
379 1927 471 1995 turba
494 1928 657 2017 utriusque
680 1951 776 1995 sexus
798 1927 888 2018 vulgi
918 1926 1082 1996 orantibus
1106 1928 1206 2004 etiam
1228 1925 1379 2016 patritias

233 2042 479 2132 triumphalibus
498 2042 627 2112 senibus
646 2041 686 2109 ad
705 2061 844 2111 mortem
863 2041 1001 2124 devotis,
1020 2060 1056 2110 ut
1075 2064 1176 2110 nemo
1196 2041 1305 2110 inutilis
1320 2033 1380 2105 aruis

233 2178 380 2227 oneraret
402 2160 559 2247 inopiam,
581 2158 720 2227 obsessis
743 2182 849 2227 arcem
873 2156 1070 2239 asoenditib),
1098 2158 1210 2226 locum
1232 2160 1325 2248 ipsum
1343 2149 1382 2218 int
1397 2155 1419 2225 ³⁰

232 2294 345 2342 mento
368 2293 463 2364 atque
483 2275 590 2356 annis,
610 2294 645 2342 ut
662 2293 807 2364 possunt,
832 2276 993 2344 muniunt.
1039 2273 1120 2342 haec
1140 2275 1225 2343 inter
1247 2269 1383 2341 consolato

231 2392 372 2457 seniores
384 2391 481 2456 morti
496 2388 671 2458 destinatos
680 2391 796 2458 iactata
807 2390 928 2458 solatia
972 2412 1083 2461 versae
1103 2389 1179 2458 inde
1192 2386 1384 2457 adhortationes

231 2505 271 2573 ad
290 2507 445 2574 iuvenum
470 2529 598 2596 agmen,
623 2529 705 2597 quos
728 2508 762 2574 in
787 2506 985 2596 Capitolium
1008 2524 1103 2596 atque
1122 2528 1232 2574 arcem
1253 2519 1384 2595 proseqne¹

231 2622 355 2702 bantur,
369 2621 633 2691 commendantes
645 2623 754 2691 virtuti
767 2645 881 2692 eorum
895 2645 1118 2712 quaecumque
1130 2641 1216 2690 esset
1227 2621 1334 2710 reliqua
1345 2614 1387 2682 inr-

230 2755 308 2803 tuna
327 2735 412 2804 urbis
428 2735 508 2802 olim
523 2736 661 2805 victricis
677 2737 828 2805 omnibus
844 2736 934 2806 bellis
952 2736 998 2804 (²).
1043 2723 1216 2827 pleraeque
1235 2754 1332 2803 tamen
1343 2747 1388 2797 nt·
1405 2723 1426 2799 3⁵

229 2851 412 2942 tronarumll
423 2873 499 2919 suos
510 2874 613 2940 usque
626 2851 659 2919 in
671 2874 777 2920 arcem
787 2871 977 2943 prosecutae
989 2872 1075 2934 sunt,
1084 2877 1145 2921 nec
1156 2851 1335 2942 prohibente
1344 2841 1389 2913 ulo

229 2991 289 3036 nec
301 2985 449 3049 vocante,
468 2968 552 3057 quia,
567 2967 655 3055 quod
672 2967 748 3036 utile
764 2986 841 3049 erat,
858 2968 995 3036 obsessis
1010 2970 1157 3036 minnere
1176 2967 1295 3036 scilicet
1311 2957 1391 3032 imbel-

229 3082 294 3151 lem
305 3082 555 3165 multitudinem,
569 3082 600 3150 id
610 3105 722 3172 parum
734 3083 913 3151 humanum
928 3101 994 3151 erat
1005 3082 1050 3150 (³).
1087 3083 1231 3172 plerique
1245 3102 1276 3151 et
1284 3077 1391 3149 maxime

228 3200 370 3268 seniores
389 3217 498 3289 captae
517 3198 614 3280 urbis,
634 3199 733 3268 exitio
756 3221 824 3268 non
843 3221 1007 3288 superesse
1025 3216 1213 3282 statuentes,
1234 3200 1393 3268 vestimenta

282 3391 312 3446 (nl
328 3389 369 3434 Aa
383 3396 405 3433 et
419 3400 461 3432 nee
475 3387 559 3433 clausis
572 3385 640 3433 etiam
649 3385 720 3445 portis
729 3387 796 3431 Urbis
806 3387 871 3432 inane
884 3385 1022 3444 Capitolium
1078 3387 1108 3443 (b)
1123 3389 1166 3431 Aa
1179 3391 1350 3433 erroneam-te
1359 3386 1397 3423 θῦε·

226 3479 288 3517 ratur
302 3467 401 3527 inopiam
414 3467 510 3511 obsessis
524 3478 600 3511 arcem
614 3466 759 3512 ascenderent

262 3631 306 3700 (1)
326 3628 409 3682 Tutta
427 3628 454 3683 la
473 3627 561 3700 prima
580 3639 655 3699 parte
673 3627 718 3682 del
734 3629 803 3701 capi·
848 3647 862 3677 «
873 3638 929 3682 tem
948 3627 1119 3699 eligentibus,
1141 3644 1224 3699 quam
1249 3624 1407 3683 obsessorem

226 3715 294 3780 tolo,
310 3714 360 3767 che
376 3713 394 3766 il
409 3729 459 3766 ms.
477 3713 497 3766 B
513 3728 569 3766 non
583 3713 608 3766 ci
620 3713 689 3765 dava
704 3711 801 3765 intiero
846 3712 994 3783 «inopiam
1010 3728 1118 3783 augere.
1157 3712 1265 3767 Gladiis
1278 3706 1413 3766 datishtec

227 3798 274 3871 (cf.
290 3811 354 3852 nota
370 3799 415 3869 piu
429 3797 523 3866 sotto),
536 3795 592 3850 lino
608 3797 668 3850 cioe
687 3794 739 3850 alle
757 3813 802 3868 pa·
848 3817 862 3848 n
872 3796 998 3850 iuventus
1009 3808 1153 3850 consumta
1161 3794 1242 3861 foret,
1250 3814 1282 3851 ac
1289 3790 1420 3868 perditoln

227 3883 298 3938 role:
328 3904 342 3934 n
355 3881 427 3937 Galli
450 3893 507 3936 tarn
537 3882 693 3952 repentinae
717 3881 801 3935 victo·
847 3878 1426 3953 «nomenRomaenisipostmodumptss'

227 3970 307 4023 «riae
324 3970 390 4022 irc...
401 3987 426 4034 n,
442 3978 520 4021 trova
529 3965 549 4020 il
559 3982 610 4021 suo
621 3965 799 4020 fondamento
846 3964 959 4019 «dentis
974 3968 1023 4020 dre.
1035 3985 1059 4019 n.
1421 4026 1426 4044 4

225 4053 271 4109 nel
297 4071 365 4125 capo
389 4068 500 4108 xxxx-'111
518 4051 561 4106 del
581 4051 649 4105 libro
669 4051 695 4104 V
713 4052 739 4104 di
759 4050 801 4104 Lr-
880 4051 922 4118 (2)
941 4048 994 4103 Nel
1012 4050 1108 4104 codice
1127 4050 1148 4103 B
1168 4067 1304 4105 mancava
1319 4035 1426 4122 tuttoi1¹

226 4155 285 4194 vro.
323 4138 375 4193 Nel
392 4138 452 4194 cod.
469 4138 498 4208 B,
514 4136 532 4191 il
547 4147 618 4191 testo
638 4135 682 4189 del
696 4135 799 4189 Nostro
845 4147 975 4188 racconto
986 4133 1058 4189 della
1068 4151 1146 4205 presa
1157 4135 1183 4187 di
1194 4134 1285 4188 Roma
1295 4136 1340 4205 pei
1350 4126 1426 4189 Gali

225 4224 253 4278 lo
273 4225 408 4278 troviamo
427 4222 628 4294 semplicizzato
647 4223 717 4275 cosl:
738 4220 801 4274 «At
846 4219 896 4273 che
913 4218 931 4272 il
947 4218 980 4273 C.
996 4219 1081 4290 toglie
1100 4219 1127 4273 di
1141 4235 1208 4290 peso
1229 4219 1263 4272 da
1284 4218 1319 4272 T.
1335 4219 1426 4273 Livio*

226 4330 240 4359 n
251 4308 325 4363 Fabii
338 4311 386 4363 &c
399 4308 433 4362 Et
448 4325 497 4361 nec
509 4305 606 4362 clausis
618 4307 700 4360 etiam
715 4305 800 4376 portis
845 4304 897 4358 Per
912 4302 930 4357 il
945 4304 1034 4375 primo
1047 4302 1176 4375 periodo:
1193 4322 1207 4352 r
1221 4301 1296 4356 Galli
1311 4315 1371 4357 tam
1385 4320 1426 4358 τοι

227 4388 797 4464 nUrbis,inaneCapitoliumconfugerunt.
846 4408 859 4437 ι(
871 4390 997 4459 pentinae
1016 4388 1146 4442 uictoriae
1165 4389 1213 4441 &c
1225 4407 1240 4437 u
1260 4385 1294 4441 cf.
1322 4385 1357 4442 T.
1382 4387 1424 4442 L1·

226 4499 239 4527 «
253 4478 313 4543 Ubi,
324 4489 410 4549 capta,
421 4490 449 4531 et
461 4477 586 4531 incendio
596 4477 685 4547 posita
695 4474 798 4547 reliqua
844 4489 904 4536 vro,
920 4472 954 4538 V,
971 4489 1012 4545 39,
1026 4473 1041 4543 5
1059 4489 1080 4527 1.

226 4583 240 4611 «
252 4561 349 4626 Roma,
360 4562 501 4615 obsidione
515 4560 574 4615 sola
584 4560 718 4628 iuventus,
728 4576 797 4631 quae
879 4555 921 4627 (3)
941 4555 996 4609 Cfr.
1018 4555 1051 4609 T.
1068 4556 1164 4621 Lrvro,
1186 4555 1218 4619 V,
1236 4569 1282 4619 xt,
1302 4555 1318 4625 ς
1340 4571 1363 4609 1.
1400 4555 1422 4610 11

225 4645 285 4700 «de
304 4644 431 4699 conflictu
451 4645 570 4700 Romam
590 4656 720 4708 evaserat,
743 4654 798 4696 tur·
843 4640 1141 4712 periodoeriprodotto
1154 4639 1345 4709 consemplici
1357 4653 1423 4694 tras-

224 4731 318 4803 rpiter
333 4728 425 4786 clausa
434 4728 491 4798 fuit,
504 4729 613 4786 senibus
622 4731 712 4802 potius
728 4744 798 4783 rnor-
842 4725 974 4798 positioni
989 4724 1016 4778 di
1031 4725 1134 4797 parole.
