3142 5730
434 524 463 578 1.
492 523 551 577 DE
579 520 896 578 CERMENATE.
1222 523 1259 589 15

167 766 251 826 unes,
265 768 340 812 cum
352 744 512 813 Gambara
522 763 700 825 matresua,
711 744 891 812 Scatinauia
903 744 937 798 (¹)
948 768 1030 834 quae
1043 744 1134 812 estin
1144 742 1261 813 finibus
1368 733 1376 745 ⁸

168 862 269 943 auiae,
287 863 374 929 iuxta
393 861 578 943 Oceanum,
602 883 714 928 eorum
737 860 831 949 primi
853 859 950 927 duces
975 883 1050 927 cum
1068 859 1207 948 parvtdis
1230 878 1262 927 et

167 999 215 1044 >us
234 996 401 1056 attraxere,
420 974 535 1065 quibus
547 976 717 1044 necessitas
729 975 825 1056 exilii,
837 974 975 1042 sortibus
986 972 1101 1056 ductis,
1112 993 1263 1044 evenerat

167 1093 223 1159 etis
238 1092 346 1158 minor
364 1091 472 1180 inopia
487 1092 589 1158 victus
608 1090 691 1159 foret
702 1091 747 1156 (¹).
793 1113 869 1158 nam
888 1093 957 1179 ipsa
970 1091 1059 1179 regio
1083 1110 1160 1159 tunc
1175 1109 1262 1159 tanta

167 1208 252 1294 ‚ventis
271 1205 477 1274 multitudine
490 1205 500 1296 ᾖ
514 1206 676 1295 populata,
691 1225 727 1274 ut
740 1226 895 1274 terrarum
913 1205 1033 1273 mactus
1052 1229 1119 1274 non
1137 1205 1262 1274 suffice-

167 1322 183 1375 ’)
199 1340 322 1389 tantam
341 1320 424 1388 alere
443 1339 587 1411 gentem.
633 1344 694 1389 nec
712 1323 831 1388 mirum
855 1344 930 1388 cum
954 1323 1022 1410 ipsa
1045 1340 1188 1390 contrata
1202 1321 1262 1390 sub

187 1441 244 1507 sita
267 1463 285 1506 a
308 1439 384 1507 solis
408 1458 497 1506 aestu
525 1457 660 1522 remota,
686 1439 823 1529 ideoque
851 1438 971 1506 alendis
1000 1439 1184 1529 corporibus
1203 1440 1261 1508 ho·

167 1579 192 1623 m
202 1558 308 1623 minus
320 1556 354 1610 (ί)
374 1574 456 1645 apta,
468 1556 539 1644 plus
551 1578 648 1645 quam
658 1557 769 1625 ceteris
784 1557 980 1646 germinans,
992 1557 1165 1625 Germania
1180 1555 1263 1624 dicta

205 1671 238 1737 hi
262 1673 459 1752 Germanici,
482 1670 693 1760 postmodum
713 1673 746 1738 in
762 1672 885 1753 itinere,
901 1695 920 1737 a
937 1671 1044 1760 longis
1060 1670 1163 1739 bardis
1182 1669 1264 1738 idest

167 1787 284 1855 tbarbis
299 1786 506 1877 Longobardi
522 1785 598 1855 dicti
618 1787 745 1855 suntb).
792 1810 869 1853 nam
887 1810 944 1875 per
958 1787 1078 1855 multos
1093 1810 1206 1870 annos,
1227 1810 1263 1854 ac

167 1903 260 1970 nas(‘¹)
279 1903 452 1970 hominum
476 1921 606 1983 aetates,
629 1902 688 1970 sub
712 1902 851 1992 pluribus
873 1900 1008 1970 ducibus
1031 1904 1100 1970 sive
1123 1901 1263 1991 regibus,
1335 1957 1339 1964 .

167 2020 240 2085 ssive
264 2020 391 2085 incertis
414 2017 543 2086 sedibus
562 2017 756 2108 vagabundi,
779 2019 964 2108 priusquam
983 2017 1107 2086 Italiam
1127 2019 1263 2106 attinge-

167 2156 300 2202 erravere
316 2134 457 2201 multum
472 2133 604 2223 periculi
618 2151 713 2221 atque
729 2132 824 2200 cladis
834 2155 891 2221 per
905 2155 983 2222 quas
995 2130 1169 2222 pergebant
1183 2156 1262 2222 gen-

173 2247 354 2316 inferentes.
401 2271 477 2316 nam
495 2267 569 2337 post
587 2247 664 2315 Ibor
682 2267 714 2315 et
731 2249 849 2336 Ayone
860 2248 905 2331 (4),
924 2249 1110 2338 priusquam
1135 2248 1175 2316 ad
1199 2248 1262 2316 Ita·

167 2366 370 2445 advenirent,
386 2363 500 2432 decem
518 2362 558 2431 de
581 2387 615 2431 se
638 2364 818 2431 successive
837 2386 928 2454 reges
948 2363 1105 2433 habuere:
1122 2386 1262 2454 quorum

170 2503 206 2548 us
235 2479 295 2547 tuit
319 2479 489 2567 Aiboynus
510 2479 545 2535 (t)
564 2479 574 2570 Ι
596 2480 635 2548 de
657 2504 723 2570 quo
746 2480 821 2548 dixi
867 2499 941 2570 post
970 2503 1068 2571 quem
1092 2481 1198 2571 plures
1228 2483 1262 2550 in

171 2613 346 2685 regnarunt
360 2619 464 2684 reges,
486 2619 625 2685 quorum
643 2596 832 2686 plemmque
850 2596 979 2665 fuerunt
997 2596 1088 2665 sedes
1104 2597 1185 2665 inter
1203 2597 1262 2664 Ti-

167 2739 172 2779 ι
191 2730 224 2779 et
242 2711 393 2780 Abduam
408 2712 443 2766 (f)
462 2711 634 2801 aliquando
650 2712 836 2794 Mediolani,
855 2711 912 2780 sed
930 2712 966 2768 (ὅ)
988 2712 1177 2803 plerumque
1201 2714 1260 2780 Pa-

175 2849 250 2895 cum
269 2828 350 2894 inter
370 2846 540 2915 utrumque
562 2825 685 2895 flumen
703 2850 743 2894 eo
767 2846 912 2917 tempore
934 2826 1040 2895 nullae
1064 2826 1142 2894 aliae
1166 2827 1260 2895 urbes

167 2995 176 3009 .
223 2926 302 3010 haec
321 2941 360 3010 de
380 2941 465 3010 urbis
480 2960 609 3010 nostrae
620 2943 681 3010 situ
698 2962 793 3032 atque
812 2944 924 3010 incolis
944 2941 1038 3025 dicta,
1058 2964 1140 3032 quae
1163 2943 1259 3010 etiam

186 3081 228 3124 ne
250 3058 360 3125 lectori
384 3056 526 3126 taedium
549 3055 705 3141 dederint,
727 3056 895 3126 sufficiant
946 3058 1153 3148 promisimus
1173 3059 1260 3127 enim

167 3173 228 3241 ifici
242 3175 442 3263 imperatoris
459 3175 590 3241 Henrici
605 3192 696 3263 gesta
710 3173 845 3242 scribere
857 3175 902 3242 (h).
949 3198 1073 3256 verum,
1089 3192 1125 3242 ut
1136 3174 1260 3243 debitus

185 3287 278 3356 detur
295 3292 400 3369 rebus,
419 3290 602 3379 priusquam
616 3288 657 3357 de
675 3308 766 3358 tanto
785 3290 926 3379 principe
945 3311 1129 3357 sermonem
1152 3308 1259 3359 tenea-

166 3427 207 3471 ne
226 3403 314 3471 velut
331 3404 428 3473 illotis
448 3405 595 3473 manibus
614 3403 654 3472 ad
672 3404 755 3473 laeta
772 3405 924 3473 convivia
941 3404 1190 3488 discumbentes,
1208 3429 1259 3474 ru·

167 3545 188 3588 :e
212 3523 312 3589 nimia
334 3521 574 3612 redarguamur,
596 3523 730 3612 praefari
752 3522 855 3611 placet
878 3524 912 3590 in
936 3523 1022 3592 hunc
1044 3522 1182 3592 modum
1200 3525 1239 3592 (ὓ.

167 3691 203 3734 Aa
217 3695 395 3735 erroneamente
408 3690 513 3736 Scatavia
571 3693 602 3748 (b)
618 3691 657 3737 Bb
672 3700 696 3737 ut
710 3704 751 3736 nec
764 3699 872 3737 terrenam
887 3691 975 3738 fructus
988 3691 1115 3738 sufficerent
1185 3693 1258 3749 (c)1tt

167 3782 203 3815 rra
217 3769 292 3814 minus
360 3770 391 3826 (dt
407 3770 446 3814 Bb
461 3771 543 3815 multus
610 3773 639 3828 (e)
655 3772 699 3817 Pru
714 3774 856 3817 brevemeute
874 3774 899 3818 r'tt
913 3773 966 3818 Bb:
980 3773 1039 3818 Nam
1053 3786 1093 3832 per
1111 3781 1209 3819 cunctos
1222 3787 1263 3818 nn·

167 3849 293 3906 vagabundi
308 3851 439 3907 priusquam
453 3851 481 3895 ad
496 3851 584 3896 Italiam
597 3852 740 3908 pervenirent
749 3852 828 3897 decent
837 3852 865 3897 de
874 3865 898 3897 ae
910 3853 981 3909 Reges
989 3853 1118 3898 successive
1125 3853 1259 3903 babuerunt,

174 3928 278 3973 decimus
287 3928 329 3972 fuit
338 3929 508 3974 robustissimus
564 3928 643 3986 (Mb
657 3931 714 3975 intra
727 3931 840 3976 Tirenum
853 3943 874 3976 et
888 3932 977 3977 Addam
1044 3934 1078 3990 (g)
1093 3933 1261 3979 Auerrorrea-

167 4008 238 4054 :ilioet
293 4008 326 4065 (h)
340 4009 380 4052 Bb
393 4009 490 4054 scribere
504 4010 562 4054 enirn
579 4009 690 4067 magrtitici
704 4009 845 4067 imperatoris
855 4011 949 4057 Henrici
958 4021 1023 4069 gesta
1031 4011 1125 4069 promisi
1181 4012 1256 4068 (itssb

169 4103 182 4135 e
193 4091 256 4135 reiut
270 4090 339 4134 illotis
348 4089 450 4134 ntanibus
458 4091 487 4135 ad
502 4091 558 4135 laeta
573 4091 679 4136 convivia
693 4090 859 4137 discumbentes
872 4091 993 4138 rudicitate
1006 4093 1075 4138 nimia
1087 4093 1257 4150 redarguamur.

167 4278 379 4334 *Aminneum
391 4279 601 4350 Hirt.Laug.1,§
615 4297 636 4334 ι.
685 4301 700 4331 tt
709 4292 756 4335 nat
765 4279 814 4338 dcc.
825 4291 920 4351 gentes
930 4297 1056 4352 egressae
1066 4291 1128 4335 sunt
1136 4301 1162 4335 u.
1172 4281 1258 4346 idem,

167 4363 389 4420 Germania...
400 4364 503 4418 morbis
518 4364 637 4419 abundat
681 4364 700 4420 l.
715 4384 738 4420 c.

167 4447 276 4501 ucandis
292 4448 382 4501 minus
398 4461 438 4501 est
457 4459 519 4519 apta
535 4461 636 4502 morta·
716 4451 758 4521 (3)
774 4450 859 4516 Idem,
874 4450 903 4504 in
916 4466 960 4522 op.
977 4450 1030 4520 cit,
1046 4451 1144 4522 1,413.

200 4532 282 4586 Unde
293 4531 322 4586 fit
332 4545 360 4587 ut
369 4546 460 4588 tantae
470 4534 635 4606 populorum
716 4533 1008 4603 (4)11L1unaunnon
1033 4534 1106 4589 nella
1133 4535 1256 4591 edizione

167 4617 272 4671 tudines
288 4617 393 4673 Arctoo
412 4619 461 4672 sub
481 4635 530 4673 axe
549 4619 635 4672 orian-
680 4620 714 4672 da
732 4618 772 4672 lui
795 4632 887 4673 curata
912 4619 940 4673 di
958 4619 988 4672 P.
1007 4618 1134 4674 Diacono
1158 4621 1256 4691 (Ham-

223 4702 325 4756 multae
347 4719 456 4774 quoque
480 4720 512 4756 ex
534 4719 634 4774 capro
678 4704 766 4774 burgi,
784 4701 863 4773 1611)
878 4706 901 4758 si
915 4715 1022 4759 attenne
1039 4703 1091 4759 alle
1101 4707 1153 4760 due
1163 4704 1252 4761 forme

167 4786 214 4840 aod
240 4797 330 4841 tantos
356 4785 512 4840 mortalium
537 4787 635 4859 germi-
679 4786 705 4841 di
721 4789 803 4859 Ajonc
818 4804 833 4841 e
849 4789 954 4859 Aginna
