3142 5730
408 471 434 523 1.
463 470 521 524 nn
550 469 863 525 CERMENATE.
1169 473 1227 540 125

168 690 210 756 ll.
259 690 438 778 Imperator
449 691 503 758 ubi
517 710 582 758 tam
600 691 716 759 durum
730 715 766 759 ac
785 715 840 782 spe
856 692 997 760 alienum
1020 692 1231 781 apostolicum

167 829 227 871 um
257 807 386 893 accepit,
408 832 424 869 a
443 805 517 888 hoc,
540 830 650 876 secum
668 807 782 896 inquit,
800 807 938 896 Philippi
957 806 1124 875 Gallorum
1146 809 1230 896 regis

167 940 201 1003 tt,
225 921 280 1010 qui
304 921 429 990 nullum
447 924 644 1012 superiorem
665 945 875 1012 cognoscem,
895 942 930 991 ut
952 925 1071 1005 asserit,
1094 947 1230 1012 regnum

167 1054 262 1117 tenet;
287 1055 370 1104 certe
389 1039 513 1106 sciet».
560 1037 687 1120 deinde,
706 1056 888 1107 convocato
907 1060 1041 1106 suorum
1059 1061 1229 1127 procerum

167 1173 174 1214 t
192 1150 280 1218 iuxta
301 1151 437 1220 domum
457 1153 589 1221 fratrum
609 1152 880 1236 praedicatorum,
901 1170 1022 1220 astante
1042 1175 1161 1241 magna
1176 1154 1228 1220 Pi-

167 1266 230 1355 puli
242 1267 456 1350 multitudine,
467 1287 658 1358 protestatus
671 1287 729 1351 est,
743 1267 830 1357 quod
840 1267 1004 1358 galearum
1023 1269 1230 1357 equitumque

170 1380 278 1449 arabat
300 1382 462 1451 effortium
487 1386 620 1451 minime
634 1383 846 1473 praeiudicare
865 1381 1050 1467 intendebat
1072 1382 1230 1451 Ecclesiae
1319 1427 1323 1434 -

168 1520 204 1564 ae
227 1497 358 1580 iuribus,
381 1522 463 1587 quae
492 1523 547 1587 per
571 1501 682 1566 omnia
705 1497 874 1567 defendere
904 1517 936 1567 et
959 1521 1147 1568 conservare
1171 1522 1230 1567 vo·

167 1611 316 1679 rtendens
335 1613 544 1681 solummodo
559 1613 717 1682 honorem
735 1633 829 1703 atque
844 1616 911 1682 iura
929 1615 1054 1703 imperii
1071 1613 1229 1703 persequi.

167 1727 248 1794 tinus
273 1728 396 1816 legatos
419 1726 459 1794 ad
481 1752 597 1819 papam
617 1730 725 1811 mittit,
743 1728 863 1796 scilicet
891 1731 1077 1819 episcopum
1093 1728 1230 1797 Triden-

176 1843 398 1911 cancellarium
433 1869 538 1928 suum,
559 1846 746 1935 episcopum
781 1846 991 1913 Borentinum
1022 1863 1054 1912 et
1077 1846 1230 1913 comitem

166 1958 227 2040 iae,
249 1961 303 2047 qui
323 1959 509 2028 huiusmodi
529 1959 717 2028 mandatum
739 1959 912 2027 revocandi
937 1982 1068 2049 operam
1091 1959 1168 2027 dent
1182 1959 1228 2025 (¹).

198 2075 376 2142 Henricum
407 2073 447 2142 de
470 2075 617 2142 Flandria
639 2074 891 2143 mareschalcum
912 2098 1009 2143 suum
1033 2098 1108 2142 cum
1127 2075 1230 2142 octin-

167 2189 311 2277 quitibus
326 2210 357 2257 et
369 2190 488 2278 populo
501 2191 618 2258 Pisano
635 2213 818 2281 expugnare
832 2192 1104 2259 Petramsanctam
1121 2191 1229 2271 mittit,

167 2327 192 2370 n
215 2305 288 2373 licet
307 2304 396 2373 dives
419 2329 562 2388 novum3
581 2308 687 2394 ipsum
705 2330 844 2395 namque
864 2293 1107 2374 constmrierant
1123 2328 1228 2394 quon·

167 2420 329 2488 uiscardus
348 2420 388 2488 de
407 2422 609 2490 Petrasancta
628 2421 743 2488 nobilis
767 2422 845 2489 civis
864 2421 1052 2502 Mediolani,
1072 2419 1149 2488 urbe
1171 2441 1229 2488 sua

167 2564 179 2620 ι,
203 2539 306 2626 prima
329 2538 563 2606 Turrianorum
586 2559 741 2628 regnante
759 2538 939 2627 tyrannide,
956 2541 991 2607 in
1010 2538 1151 2607 districtu
1175 2558 1229 2606 aut

169 2648 309 2715 confinia
328 2649 478 2716 Lucanae
502 2649 598 2731 urbis,
630 2650 719 2717 cuius
741 2667 845 2717 rector
870 2667 947 2732 erat,
966 2648 1085 2739 oppido
1108 2650 1157 2717 sui
1176 2671 1229 2717 co·

167 2766 199 2830 tis
223 2766 392 2854 imponens
412 2788 543 2833 nomen.
590 2765 679 2833 dives
697 2767 730 2833 vi
749 2784 877 2853 captum
906 2765 1044 2855 spoliant
1063 2765 1228 2855 oppidum,

185 2881 341 2968 equitum,
358 2881 444 2948 mille
463 2880 607 2969 peditum
621 2880 800 2969 Guelphico
819 2879 976 2969 praesidio
995 2879 1109 2949 frustra
1124 2881 1228 2948 muni·

193 2993 266 3061 inde
282 2994 460 3063 Gibellinus
472 2996 641 3077 exercitus,
651 2994 766 3084 praeda
779 3014 923 3078 onustus,
936 2996 1103 3063 Lucanum
1115 3018 1229 3084 agrum

167 3161 178 3191 ,
195 3107 350 3176 hostiliter
364 3110 535 3178 Sarsanam
554 3128 585 3178 et
602 3109 706 3201 plures
725 3110 800 3178 alias
816 3110 1040 3199 Guelphorum
1058 3131 1156 3178 terras
1174 3132 1229 3176 oc·

167 3429 241 3483 nrico
252 3430 312 3494 VII,
324 3429 351 3483 la
364 3428 466 3483 Chiesa
476 3429 503 3482 di
512 3429 611 3494 Roma,
691 3429 734 3500 (1)
744 3428 870 3484 Secondo
881 3427 899 3482 il
909 3428 1055 3494 Mussaro,
1064 3427 1117 3483 loc.
1127 3428 1182 3496 cit,
1190 3427 1229 3500 gli

167 3529 188 3566 :a
204 3512 248 3566 del
262 3530 313 3567 suo
333 3529 412 3583 capo,
431 3511 556 3566 raflerma
572 3513 610 3584 gli
656 3513 847 3567 ambasciatori
870 3511 943 3567 eletti
970 3511 1083 3566 buono:
1101 3512 1229 3568 Amedeo

167 3597 246 3650 diritti
265 3598 292 3650 di
311 3599 433 3651 dominio
453 3596 522 3650 sulle
540 3610 610 3652 terre
656 3610 737 3652 conte
765 3598 791 3651 di
819 3597 929 3663 Samia,
953 3597 973 3650 il
993 3597 1125 3668 patriarca
1145 3597 1229 3651 d‘An·

167 3698 206 3736 ro.
242 3682 282 3735 Fu
307 3682 380 3752 dopo
399 3681 453 3734 tale
471 3681 610 3753 pubblica-
655 3681 767 3746 tiochia,
786 3681 981 3736 l'arcivescovo
1009 3680 1037 3734 di
1066 3679 1228 3747 Genovail

167 3782 173 3817 ι
200 3765 280 3837 quale
305 3783 361 3818 non
386 3765 454 3818 ebbe
480 3763 506 3818 le
533 3766 609 3835 gravi
654 3783 773 3821 vescovo
783 3765 901 3821 Niccolo
914 3767 1075 3821 diBotrinto
1084 3766 1144 3838 (nel
1158 3777 1229 3821 testo

167 3867 225 3903 enze
244 3851 296 3904 che
311 3850 443 3903 vorrebbe
461 3848 481 3902 il
500 3849 543 3914 C„
559 3850 609 3904 che
655 3850 699 3904 del
717 3850 854 3904 Mussato:
883 3850 1068 3922 «episcopum
1086 3850 1230 3905 Abontbc·

167 3934 199 3987 Ἠ
219 3935 304 3988 elesse
318 3934 404 3989 nuovi
419 3934 610 3988 ambasciatori
654 3933 809 4003 oensem»)
827 3935 860 3988 ed
879 3933 948 3989 altri.

167 4021 206 4073 ita
216 4019 260 4072 dcl
270 4018 413 4091 pontefice.
445 4018 520 4072 ldue
530 4019 611 4072 docu·
691 4018 733 4086 (2)
749 4017 950 4072 «Mariscalcus
965 4018 1069 4072 domini
1085 4020 1229 4090 imperato

167 4103 285 4157 abblicati
313 4103 357 4156 dal
385 4103 516 4168 Massam,
541 4101 610 4156 sulla
657 4104 796 4156 ariacum
811 4113 893 4174 gente
907 4118 956 4155 sua
972 4102 1053 4156 exivit
1066 4101 1228 4166 chisis‚et

167 4188 254 4242 nticita
274 4204 329 4241 non
349 4188 460 4241 sarebbc
488 4186 610 4257 ragione-
657 4186 730 4240 «ivit
747 4202 841 4239 versus
868 4186 1091 4249 Pietrasanctam‚
1105 4196 1133 4238 et
1157 4184 1229 4254 cepit

178 4273 308 4339 dubitare,
327 4272 445 4325 tenendo
464 4283 547 4325 conto
566 4270 609 4324 del
655 4291 669 4320 α
681 4286 743 4324 earn
754 4269 896 4340 preliando
906 4269 1028 4323 dicioris
1041 4267 1138 4321 ultinm
1151 4284 1228 4321 men·

167 4357 238 4410 della
257 4373 372 4425 persona
388 4356 461 4409 dello
476 4355 609 4419 scrittore,
656 4355 715 4407 «sis
734 4370 811 4425 may3
835 4365 862 4406 et
886 4369 984 4406 omnes
1002 4352 1036 4406 de
1054 4363 1126 4405 terra
1149 4353 1227 4422 quasi

168 4457 312 4509 mparvero
332 4440 404 4494 nella
422 4439 543 4494 raccolta
565 4437 609 4492 del
655 4437 787 4492 «fuerunt
811 4437 891 4507 capti,
919 4448 946 4489 et
971 4446 1047 4506 parte
1072 4435 1182 4500 mortui,
1200 4446 1228 4488 et

167 4541 187 4578 s.
234 4525 280 4577 Ma
308 4525 390 4594 giova
420 4540 528 4595 sperare
557 4522 608 4576 che
655 4521 807 4575 «dominus
832 4519 968 4573 Nantinus
986 4517 1092 4572 domini
1110 4516 1228 4572 Orlandi

167 4621 201 4662 tte
221 4611 357 4662 autentica
386 4624 513 4678 veggano
533 4622 609 4677 pros·
655 4602 873 4659 «salamoncelli
898 4602 932 4656 dc
951 4602 1025 4656 Luca
1052 4599 1104 4654 fuit
1121 4601 1155 4655 de
1173 4599 1227 4655 illis

167 4704 197 4746 tte
222 4692 248 4745 la
267 4692 328 4746 luce
344 4692 390 4746 nel
404 4693 489 4746 citato
509 4693 606 4761 Ragau
654 4688 801 4760 «captis».
837 4688 931 4740 Diart'o
959 4686 987 4739 di
1011 4701 1056 4740 act
1075 4684 1227 4740 Grex-auur

167 4777 285 4831 Clemmte
308 4777 336 4828 V.
655 4789 684 4828 or
703 4773 808 4827 Luuuo
826 4773 854 4824 in
872 4787 917 4843 op.
936 4771 981 4825 cit.
999 4788 1026 4842 p.
1044 4770 1101 4835 184
