3142 5730
520 114 822 172 PRAEFATIO.
1163 112 1267 168 XLVII

76 389 269 478 squaedam·
288 391 425 457 Historia
449 391 537 477 legati
558 390 599 457 od
621 391 809 457 Matthaeum
858 390 1079 468 Vitecomitem;
1102 388 1267 475 Registrum

76 507 329 573 «emmanitatis
362 507 489 572 ciuitatis
521 504 689 572 Mediolani
711 531 741 571 ».
789 505 885 593 Ergo,
913 528 987 571 cnm
1015 503 1094 570 haec
1118 501 1268 570 scriberet

72 619 295 700 Gualvaneus,
315 620 572 687 Cetmenatensis
592 639 699 687 noster
719 618 821 687 adhuc
840 621 976 686 vivebat.

142 733 266 801 Iisdem
294 757 422 822 quoque
441 734 637 822 temporibus
656 735 762 801 floruit
783 734 964 802 Albertinus
995 735 1155 801 Mussatus
1175 735 1266 798 Pata-

73 851 170 918 vinae
202 849 287 917 urbis
314 873 387 917 cum
417 851 505 931 civis,
524 870 594 917 turn
625 851 792 918 historicus
816 850 1018 939 praecellens.
1066 851 1140 916 Eius
1159 848 1267 914 stilum

74 984 171 1054 atque
205 965 420 1053 eloquentiam
453 965 720 1033 commendarunt
751 966 813 1047 alii,
832 965 1058 1032 commendavi
1088 984 1119 1031 et
1148 987 1211 1053 ego
1234 964 1267 1031 in

74 1077 279 1148 Praefatione
312 1079 350 1146 ad
381 1079 531 1147 eumdem
554 1081 587 1146 in
617 1099 708 1147 tomo
740 1082 887 1168 sequenti
918 1078 1051 1160 edenda,
1078 1081 1132 1168 qui
1151 1102 1268 1166 nempe

74 1197 284 1264 Franciscum
297 1188 499 1262 Petrarcham
511 1196 714 1283 praecesserit
726 1197 759 1263 in
769 1195 964 1264 restituendo
978 1196 1086 1263 ltaliae
1101 1196 1267 1263 latinarum
1374 1247 1377 1256 .

72 1311 238 1380 literarum
257 1311 435 1399 splendore.
482 1311 544 1379 Sed
568 1336 653 1379 nunc
674 1312 752 1378 mihi
771 1311 943 1379 dicendum
963 1310 1100 1378 lohanni
1119 1310 1158 1378 de
1188 1311 1266 1378 Cet-

71 1444 205 1493 menate
237 1424 470 1492 Mediolanensi
498 1426 559 1492 civi
582 1425 738 1492 eiusmodi
768 1426 903 1513 gloriam
922 1427 1038 1514 potiori
1058 1426 1125 1492 iure
1153 1423 1266 1492 adscri-

71 1540 229 1622 bendam,
258 1540 533 1628 quemadmodum
558 1543 654 1639 etiam
682 1541 721 1608 de
747 1543 876 1609 Ferreto
895 1542 1067 1609 Vicentino
1093 1541 1262 1630 praefabar.

71 1657 114 1724 In
136 1657 284 1724 Mussato
304 1656 400 1722 habes
416 1656 524 1723 stilum
541 1681 606 1724 non
623 1679 693 1724 raro
710 1680 856 1745 asperum
880 1680 915 1725 ac
934 1657 1143 1738 salebrosum,
1163 1656 1268 1724 verbis

67 1795 91 1837 a
109 1771 305 1838 Latinorum
324 1770 481 1858 elegantia
500 1771 597 1860 longe
615 1770 775 1838 interdum
795 1771 1045 1840 abhorrentibus.
1092 1772 1214 1841 Contra
1232 1773 1266 1839 in

68 1884 323 1952 Cermenatensi
341 1887 543 1973 perspicuum
562 1886 749 1974 plerumque
768 1886 894 1954 dicendi
927 1911 1041 1976 genus,
1060 1887 1093 1955 in
1112 1911 1178 1975 quo
1195 1910 1267 1976 gra-

65 2001 156 2068 vitas
172 2023 351 2089 numquam
361 2000 564 2083 desideratur,
577 2020 609 2069 et
620 2001 782 2069 laudabilis
792 2003 953 2071 latinitatis
968 2026 1061 2091 sapor
1074 2002 1139 2070 fere
1150 2004 1267 2092 ubique

64 2114 333 2204 deprehenditur.
381 2117 532 2185 Ceterum
551 2140 652 2204 quum
684 2137 775 2184 tomo
805 2118 910 2205 primo
939 2119 1156 2186 Antidotorum
1185 2119 1268 2187 hanc

59 2228 245 2298 historiam
263 2229 359 2312 edidi,
377 2230 517 2313 deerant,
536 2233 570 2298 in
589 2232 770 2320 exemplari,
795 2256 859 2321 quo
884 2235 1003 2315 utebar,
1024 2232 1155 2300 laciniae
1174 2232 1266 2314 duae,

60 2369 142 2414 non
174 2347 284 2434 exigui
314 2348 482 2414 momenti.
529 2347 651 2414 Verum
680 2347 871 2435 procedente
895 2365 1039 2435 tempore
1067 2370 1139 2415 cura
1160 2348 1267 2414 Lazari

55 2463 249 2551 Augustini
270 2462 385 2529 Cottae
410 2462 585 2530 doctissimi
604 2481 636 2530 et
658 2464 840 2531 amicissimi
860 2464 919 2530 viti
937 2462 1057 2530 factum
1081 2481 1139 2544 est,
1159 2481 1194 2530 ut
1223 2487 1265 2530 ne

54 2576 122 2646 itta
143 2576 279 2666 quidem
297 2599 368 2665 pars
387 2576 625 2645 desideraretur.
674 2580 783 2661 Quare
802 2578 1061 2666 supplementum
1081 2602 1121 2644 ex
1137 2577 1199 2644 alio
1217 2578 1266 2645 in-

54 2711 167 2783 tegro
194 2691 367 2781 exemplari
387 2692 613 2780 depromptum
636 2692 769 2759 subinde
800 2693 894 2773 edidi,
919 2711 1011 2759 tomo
1031 2694 1090 2774 IV,
1108 2715 1181 2781 pag.
1201 2713 1261 2759 211

54 2807 316 2877 Anecdotorum:
335 2830 417 2895 quae
433 2807 543 2874 omnia
558 2806 652 2874 simul
672 2809 842 2876 coniuncta
860 2809 894 2875 in
913 2831 1032 2896 nupera
1051 2807 1110 2875 hac
1127 2807 1266 2875 editione

53 2945 182 2992 rursus
193 2921 375 3011 prodibunt.
423 2923 504 2989 Heic
521 2942 707 2990 autemnon
723 2943 863 3010 repetam
878 2946 959 3011 quae
973 2922 1142 3011 degenere
1155 2923 1266 2989 mortis

57 3038 222 3106 Heinrici
242 3037 377 3125 Septimi
395 3040 531 3125 Augusti
551 3038 583 3104 in
607 3037 837 3125 prolegominis
857 3038 896 3105 ad
916 3037 1001 3105 hunc
1024 3039 1129 3125 ipsum
1152 3036 1264 3104 librum

57 3152 247 3234 adnotavi3
271 3152 349 3218 haec
376 3152 464 3218 enim
487 3175 526 3217 ex
549 3152 705 3220 Antidotis
724 3154 803 3219 meis
827 3170 921 3242 petet,
940 3155 993 3240 qui
1012 3152 1108 3218 volet.
1155 3154 1266 3219 Unum

58 3267 193 3334 addere
209 3264 355 3348 sufficiat,
370 3289 437 3334 non
452 3268 557 3335 solum
575 3267 754 3358 Iohannem
770 3269 869 3336 XXII
886 3267 1072 3357 pontificem
1089 3269 1266 3335 maximum

58 3381 173 3450 literis
196 3382 263 3449 suis
286 3380 402 3469 ubique
421 3381 577 3469 evulgatis
596 3382 757 3463 institisse,
776 3400 811 3450 ut
837 3382 995 3449 calumnia
1013 3381 1116 3448 ordini
1141 3382 1267 3450 Praedi-

61 3516 223 3563 catorum
242 3497 378 3584 impacta
407 3495 446 3563 de
466 3518 594 3564 veneno
626 3495 732 3564 eidem
757 3497 885 3566 Caesari
915 3499 946 3563 in
977 3498 1071 3563 sacris
1100 3497 1267 3583 propinato

62 3608 290 3677 destrueretur
305 3608 409 3700 (quod
425 3610 629 3678 Gualvaneus
649 3610 793 3677 Flamma
808 3634 919 3677 eorum
936 3629 1119 3697 temporum
1136 3611 1268 3697 scriptor

65 3724 254 3792 memoriae
269 3723 428 3816 tradidit);
439 3723 496 3793 sed
508 3727 604 3792 etiam
620 3725 800 3793 Iohannem
812 3747 922 3813 regem
934 3723 1108 3791 Bohemiae
1124 3721 1265 3791 eiusdem

69 3837 210 3906 Henrici
229 3838 331 3907 filium
350 3861 436 3907 anno
454 3844 538 3928 1346
552 3862 625 3906 suas
642 3858 787 3928 patentes
802 3839 905 3907 literas
924 3838 1049 3906 dedisse
1063 3838 1177 3926 quibus
1193 3860 1267 3903 exe·

75 3952 232 4022 crandum
260 3953 362 4034 illum,
393 3973 486 4042 atque
516 3956 671 4022 iniustum
700 3977 863 4021 mmorem
893 3954 1018 4041 penitus
1044 3952 1134 4019 silere
1167 3952 1266 4019 iussit.

79 4062 183 4135 Hasce
206 4067 310 4135 literas
343 4067 439 4136 habes
469 4068 553 4157 apud
579 4069 619 4136 C.
639 4071 679 4136 V.
706 4067 902 4135 Leibnitium
921 4069 953 4133 in
974 4065 1084 4133 codice
1102 4066 1167 4133 Iur.
1187 4067 1268 4134 Gen-

84 4177 163 4262 tium,
184 4204 251 4270 par.
276 4183 304 4263 1,
327 4206 359 4250 n.
380 4185 433 4270 87.
