3142 5730
358 488 418 556 140
821 482 1065 541 ntsrontn

351 704 435 779 tibus
457 705 581 786 turmis,
603 703 744 772 maxime
764 726 804 771 ex
820 704 1007 794 propinquis
1026 705 1128 795 Seprii
1146 705 1242 787 villis,
1263 707 1424 774 Francisco
1440 706 1471 774 de
1484 707 1505 774 la

352 820 456 889 Turre
478 839 510 888 et
528 820 594 887 aliis
612 820 803 910 primoribus
822 821 954 889 exulum
977 839 1173 890 ostentantes
1192 841 1315 890 temere
1339 821 1408 890 illuc
1423 843 1504 890 ruunt.

352 933 507 1025 aquibus
530 934 615 1003 docti
638 936 823 1025 inductique
845 936 936 1026 regio
966 938 1121 1006 exercitus
1145 937 1220 1005 duci
1243 936 1356 1006 urbem
1387 937 1504 1005 accedere

352 1050 496 1135 suadent,
519 1074 617 1141 quam
646 1050 719 1119 dedi
741 1069 883 1141 paratam
906 1071 1058 1122 asserunt.
1103 1053 1197 1142 pauci
1227 1071 1337 1121 autem
1361 1052 1458 1120 horum
1479 1054 1503 1120 in

352 1167 493 1235 exercitu
516 1188 641 1234 motam
659 1166 799 1247 trahunt,
821 1166 926 1234 immo
943 1189 1070 1257 semper
1087 1167 1155 1235 sole
1175 1165 1310 1234 cadente
1327 1167 1445 1256 quisque
1461 1167 1503 1232 do
1523 1182 1562 1231 12

354 1305 445 1352 mum
463 1281 576 1363 tendit,
591 1304 695 1371 neque
718 1281 760 1349 ob
779 1280 812 1348 id
830 1303 886 1349 eos
906 1282 1076 1351 detrectare
1095 1282 1245 1350 militiam
1268 1281 1389 1363 dicitur,
1408 1281 1503 1371 quibus,

352 1397 432 1466 dum
443 1420 510 1465 non
530 1415 619 1465 extra
633 1395 909 1465 Mediolanensem
927 1418 1042 1486 agrum
1057 1396 1207 1479 militent,
1227 1399 1374 1486 antiquus
1391 1418 1451 1463 mos
1463 1414 1504 1474 est,

354 1513 389 1582 in
403 1514 509 1581 eastris
524 1511 608 1579 tubis
632 1511 762 1600 aliisque
777 1510 923 1581 soniferis
939 1513 1156 1581 instrumentis
1167 1511 1227 1579 sub
1246 1513 1347 1601 signis
1364 1534 1426 1580 sese
1439 1532 1503 1578 etet·

352 1631 473 1698 cituum
496 1627 629 1696 ducibus
652 1645 819 1710 ostentare,
844 1625 937 1694 etad
960 1628 976 1663 *
1000 1627 1034 1682 (¹)
1050 1651 1085 1696 se
1101 1626 1237 1695 devotos
1263 1646 1457 1717 promtosque
1471 1622 1506 1691 ol·

356 1743 445 1812 ferre.
492 1741 606 1811 deinde
621 1746 679 1810 iter
697 1741 833 1809 domum
856 1739 986 1822 faciunt,
1001 1741 1142 1830 plerique
1164 1742 1290 1831 saepius
1311 1765 1376 1810 non
1396 1739 1504 1808 redituri.
1527 1751 1566 1820 13⁰

352 1858 416 1927 hoc
444 1860 584 1926 sentiens
614 1858 769 1926 exercitus
785 1846 869 1939 dux,
901 1879 998 1945 quem
1025 1857 1152 1946 speciali
1175 1858 1269 1939 titulo
1292 1855 1510 1927 mareschalcum

355 1973 562 2064 appellabant,
586 1972 677 2041 adid
698 1995 755 2061 per
774 1972 949 2041 Turrianos
965 1972 1074 2040 exules
1088 1972 1225 2062 pertrahi
1244 1976 1365 2063 nequit,
1383 1992 1416 2042 ut
1430 1989 1511 2038 versus

355 2089 467 2158 urbem
495 2076 667 2168 accederet,
691 2105 725 2155 ut
748 2086 915 2155 instabant.
960 2088 1140 2175 praemissis
1163 2088 1261 2155 etiam
1283 2088 1435 2177 plerisque
1452 2108 1513 2162 veru·

355 2205 424 2273 lum
438 2225 475 2271 ac
490 2203 663 2284 nonnullis,
686 2203 741 2291 qui
756 2201 890 2292 praedae
909 2203 1011 2289 magis
1029 2201 1136 2270 studio
1154 2225 1252 2292 quam
1279 2205 1416 2293 partium
1430 2201 1515 2269 favore

359 2317 533 2385 exercitum
555 2315 778 2406 sequebantur,
796 2337 897 2403 usque
912 2313 1057 2397 Rhaude,
1066 2317 1125 2404 qui
1143 2316 1234 2385 locus
1250 2338 1304 2384 .v1.
1322 2316 1456 2384 millibus
1466 2334 1519 2403 pas·
1538 2326 1571 2390 11

360 2454 455 2500 suum
474 2429 514 2497 ad
532 2429 644 2497 urbem
666 2428 770 2510 distat,
788 2429 911 2512 incolis,
931 2448 1041 2518 utpote
1062 2430 1247 2519 Cangianis‚
1273 2432 1448 2521 Brugicolis
1461 2426 1521 2485 oud

355 2566 388 2615 et
405 2547 472 2614 aliis
494 2547 549 2634 qui
571 2547 605 2612 in
628 2567 666 2612 ea
685 2562 827 2612 contrata
849 2568 958 2614 secum
974 2545 1149 2614 Turrianae
1161 2545 1310 2615 factionis
1343 2566 1441 2628 erant,
1466 2567 1525 2613 cun-

355 2679 435 2743 ctos,
449 2683 531 2751 quos
546 2659 681 2748 praedae
697 2660 807 2729 avidos
823 2683 892 2729 esse
905 2660 1060 2743 credebat,
1074 2662 1336 2752 provocantibus,
1351 2682 1387 2731 ut
1400 2665 1530 2752 primitus

354 2775 539 2842 iniuriarum
557 2796 687 2842 suarum
705 2774 861 2842 ultionem
877 2793 1016 2857 sumant,
1028 2794 1059 2843 et
1077 2798 1227 2844 securum
1239 2799 1351 2845 versus
1367 2776 1478 2846 urbem
1489 2798 1532 2842 ac-

356 2910 481 2958 cessum
492 2889 551 2957 toti
570 2890 721 2957 exercitui
737 2912 806 2958 esse
826 2890 970 2979 probent.
1017 2891 1066 2958 his
1085 2891 1194 2980 primis
1214 2892 1402 2961 auctoribus
1421 2916 1458 2962 ac
1475 2893 1538 2961 viae

355 3003 486 3072 ducibus
505 3025 623 3092 magna
640 3003 840 3092 praedonum
859 3005 1031 3073 multitudo
1047 3006 1153 3075 subito
1173 3006 1307 3077 Rhaude
1331 3006 1402 3091 fuit,
1420 3008 1541 3099 quibus,

356 3120 399 3187 ita
421 3141 478 3187 eos
500 3118 642 3186 trahebat
663 3118 797 3207 praedae
822 3119 986 3208 cupiditas,
1017 3143 1084 3188 non
1112 3144 1233 3211 magno
1259 3123 1444 3190 hortamine
1467 3144 1542 3212 opus

355 3255 429 3303 erat.
476 3236 581 3325 itaque
604 3235 773 3325 plusquam
791 3235 878 3303 mille
907 3236 992 3304 illico
1013 3236 1190 3306 discurrunt
1213 3238 1360 3321 Rhaude,
1386 3240 1494 3330 ibique
1516 3258 1565 3306 et,

356 3350 626 3418 circumstantium
643 3351 781 3439 partium
797 3351 973 3439 spoliantur
989 3375 1055 3419 non
1079 3352 1179 3420 modo
1199 3353 1455 3423 adversariorum
1474 3378 1546 3424 suo-

353 3488 425 3533 rum
449 3464 576 3547 domus,
605 3488 718 3533 verum
741 3467 836 3533 etiam
855 3467 1086 3536 nonnullorum
1109 3470 1164 3557 qui
1189 3468 1227 3535 ab
1250 3468 1341 3537 initio
1360 3470 1549 3539 huiusmodi

355 3581 496 3649 novitate
512 3581 702 3670 gaudebant.
750 3583 917 3650 eratenim
932 3602 1008 3651 tunc
1027 3583 1092 3652 dux
1115 3585 1273 3653 exercitus
1290 3585 1431 3674 hospitio
1451 3610 1549 3675 penes

357 3696 544 3784 religiosum
560 3695 695 3761 militem
714 3692 843 3761 fratrem
863 3695 1084 3784 Singibaldum
1103 3697 1143 3765 de
1162 3699 1409 3788 Lampugnano,
1426 3700 1551 3769 ordinis

354 3811 485 3877 militiae
505 3811 541 3877 B.
563 3811 683 3879 Mariae
702 3811 843 3899 Virginis
859 3811 1017 3900 gloriosae
1032 3814 1079 3896 (²),
1102 3815 1153 3882 cui
1171 3838 1238 3883 non
1256 3819 1325 3883 siue
1342 3839 1440 3886 causa
1458 3841 1552 3885 exer·

355 3927 434 3994 citus
453 3925 559 3994 taedio
585 3945 660 4010 erat,
677 3928 792 4015 quippe
811 3950 883 3994 suas
898 3948 1092 4016 suorumque
1111 3933 1328 4018 possessiones
1348 3934 1464 3999 vastari
1484 3956 1551 4002 cer-

852 4087 862 4125 l

407 4177 442 4234 (a)
455 4175 490 4221 La
505 4178 590 4221 lacuna
605 4176 618 4220 ὲ
633 4177 777 4234 nelsramm.
792 4178 830 4224 del
841 4179 890 4226 cod.
907 4183 935 4224 B.
1004 4181 1041 4236 (b)
1057 4179 1117 4224 Mur.
1133 4179 1252 4225 Canzianis
1267 4179 1419 4237 Brugoricolis

389 4365 431 4435 (t)
451 4366 618 4420 «Avvertasi
643 4365 693 4420 che
716 4366 735 4419 il
760 4366 793 4421 C.
816 4366 926 4421 chiama
972 4366 1094 4433 Grotrut,
1114 4384 1157 4440 op.
1185 4368 1228 4421 cit.
1248 4366 1281 4434 11,
1301 4368 1351 4433 48;
1370 4367 1442 4422 onde
1462 4369 1487 4422 si
1506 4371 1551 4424 de-

354 4449 511 4504 aCanziani
534 4467 549 4504 e
573 4450 687 4522 Brugori
708 4451 717 4504 i
736 4451 837 4523 signori
856 4451 926 4506 delle
971 4451 1040 4506 duce
1055 4452 1105 4505 che
1125 4450 1189 4523 quel
1208 4451 1384 4505 valentuomo
1408 4468 1478 4506 avea
1504 4456 1549 4525 gia

356 4532 500 4605 «famiglie
529 4535 563 4588 da
590 4534 729 4590 Canziano
754 4552 769 4589 e
793 4536 925 4607 Brugora.
972 4534 1166 4590 mentalmente
1186 4548 1301 4589 corrette
1329 4534 1353 4589 le
1381 4537 1549 4608 storpiature

355 4615 585 4685 «Quest’usanza,
596 4618 681 4674 allora
697 4619 925 4686 comlnciata,col
971 4620 1012 4675 de’
1022 4620 1098 4674 nomi
1112 4620 1200 4673 dateci
1219 4620 1262 4673 dai
1282 4637 1350 4674 mss.
1367 4621 1411 4674 del
1432 4621 1464 4675 C.

354 4711 471 4772 «tempo
487 4704 509 4756 si
527 4707 542 4756 e
561 4720 620 4758 resa
637 4721 754 4760 comune
770 4702 923 4759 nel'nostro
1004 4706 1046 4777 (2)
1067 4703 1136 4759 Cloe
1153 4703 1314 4758 'dellordine
1330 4704 1374 4758 dei
1392 4703 1454 4758 frati
1471 4704 1549 4760 Gau·

354 4800 467 4853 «paese,
487 4788 583 4841 com’d
603 4787 690 4843 anche
714 4788 740 4843 al
765 4801 923 4861 presente».
969 4789 1050 4843 denti.
