3142 5730
400 117 427 173 1.
456 117 514 172 DE
541 116 856 174 CERMENATE.
1180 120 1217 186 17

60 339 148 412 butiis
160 337 264 421 leone,
283 338 316 405 in
335 336 445 406 avibus
468 336 571 428 aquila
591 336 754 407 nobilior?
799 360 864 421 cur,
883 339 964 406 inter
987 339 1146 422 homines,
1164 342 1218 429 qui

10 474 43 547 ις
64 478 121 547 pne
132 455 253 522 caeteris
263 475 334 522 esse
345 451 500 521 desiderat
510 453 547 509 (⁸)
562 470 599 521 ut
615 453 820 522 veneratione
838 451 955 543 dignus
970 455 1019 534 sit,
1032 453 1142 544 (curn)
1156 456 1218 522 vir-

10 608 13 617 ·
68 588 253 640 musterus
263 591 332 638 non
343 568 494 637 excellit?
538 570 628 637 omni
639 569 677 624 (ι’)
686 592 794 637 carens
806 570 981 659 iniquitatis
997 570 1120 652 aculeo,
1133 570 1218 659 prin·

71 686 233 775 ripisapium
247 684 407 772 exemplo,
421 685 475 774 qui
489 686 655 752 neminem
669 686 765 753 iratus
780 685 884 753 laedit.
925 685 1068 774 procedit
1083 687 1183 753 etiam
1199 709 1216 752 a

72 800 179 883 obditis,
199 822 281 890 quos
303 822 432 868 morum
455 799 610 868 discordia
640 801 778 868 nimium
801 800 914 882 turbat,
938 800 1107 890 aliquando
1127 823 1219 870 causa

11 924 15 929 '
73 915 217 998 uali3uam
231 914 319 984 nulla
333 937 394 1005 pax
409 915 467 983 erit
481 915 514 982 in
530 914 661 1004 populO,
680 938 777 1004 quem
791 915 992 983 uniformitas
1011 915 1218 985 voluntatum

16 1046 55 1113 3⁰
74 1031 314 1100 vinoiloiustitiae
332 1031 480 1120 colligata
497 1054 563 1099 non
579 1031 695 1098 excitat
709 1031 750 1099 ad
767 1031 908 1100 studium
929 1033 1111 1099 communis
1129 1031 1219 1113 boni,

74 1148 198 1235 quesola
209 1149 397 1237 exprimitur
412 1144 563 1215 uniformi
581 1164 684 1229 motu,
700 1165 732 1215 et
745 1145 902 1236 dependet
919 1146 956 1214 ab
975 1148 1096 1215 unitate
1108 1146 1218 1236 populi

74 1261 247 1332 voluntatum.
293 1262 372 1330 haec
391 1285 470 1330 vero
480 1262 583 1330 unitas
595 1261 728 1329 humani
745 1264 869 1351 generis
884 1262 965 1330 bene
981 1261 1133 1350 disposita
1151 1284 1218 1330 non

75 1376 116 1444 nisi
130 1400 177 1467 per
195 1380 315 1448 iustum
336 1379 512 1467 principem
535 1396 566 1445 et
589 1377 796 1446 monarcham
827 1376 957 1444 feliciter
979 1376 1163 1465 perducitur
1185 1378 1218 1445 in

74 1490 195 1577 edorum
208 1497 262 1584 qui
275 1495 341 1562 suis
351 1494 445 1562 sacris
459 1492 582 1583 legibus
596 1492 740 1561 subditos
763 1490 888 1559 ordinet
905 1509 937 1558 et
957 1490 1113 1580 disponat,
1138 1515 1219 1580 quae

22 1618 53 1685 35
72 1606 244 1678 rimentur
262 1608 302 1676 ad
319 1629 474 1697 unguem,
493 1626 568 1676 sunt
586 1606 713 1675 vincula
735 1607 892 1674 societatis
915 1605 1118 1696 humanaell
1150 1609 1220 1696 quis
1284 1635 1303 1666 c.
1318 1624 1369 1682 83a

72 1719 148 1812 inque
156 1726 307 1814 princeps,
326 1725 441 1814 quovis
455 1724 588 1791 nomine
600 1742 774 1805 censeatur,
791 1741 844 1791 aut
857 1724 1002 1811 quamvis
1022 1721 1134 1789 mundi
1150 1744 1219 1811 par-

72 1854 118 1906 tem
131 1840 286 1923 inhabitet,
302 1841 329 1908 si
348 1863 383 1908 se
401 1839 569 1906 bominem
589 1838 706 1906 animal
724 1837 876 1906 rationale
895 1836 1020 1920 fatetur,
1039 1837 1169 1925 negabit
1186 1861 1221 1904 se

71 1951 131 2023 iusto
147 1956 277 2046 imperio
300 1956 521 2026 Romanorum
537 1953 572 2009 (0
589 1952 814 2022 rationabiliter
836 1952 904 2020 fore
927 1951 1091 2020 subditum
1115 1969 1146 2018 et
1168 1975 1220 2018 su-

71 2064 249 2140 biectttm?(¹)
289 2093 427 2161 quorum
449 2071 475 2137 si
495 2087 583 2159 gesta
601 2068 734 2137 revolvo
753 2067 850 2136 totius
874 2066 985 2135 mundi
997 2067 1221 2156 principatum,

10 2190 52 2268 ,4⁰
70 2185 131 2272 quod
142 2189 308 2278 imperium
326 2185 531 2275 appellamus,
549 2185 648 2274 liquet
665 2183 723 2251 sibi
739 2183 871 2251 coelitus
887 2184 957 2251 fore
976 2205 1175 2265 concessum,
1191 2201 1222 2250 et

69 2301 224 2386 perductum
233 2303 271 2360 (¹¹)
289 2320 400 2392 utpote
418 2304 504 2370 iusto
520 2300 603 2369 bello
623 2318 761 2390 pactum.

115 2417 177 2486 Vll.
223 2418 299 2486 Hoc
317 2437 422 2486 autern
440 2414 617 2505 imperandi
641 2415 764 2483 mundo
783 2417 831 2483 ius
849 2416 984 2505 populus
1009 2417 1186 2498 Romanus,
1206 2439 1223 2480 a

68 2548 115 2615 quo
127 2554 244 2622 partum
262 2530 364 2601 fuerat
382 2531 499 2600 diutius
519 2549 551 2599 et
568 2553 762 2620 possessum,
785 2530 862 2598 olim
881 2533 913 2598 in
933 2554 1035 2599 unum
1055 2530 1222 2599 conferens

68 2641 257 2735 inpersonam
271 2648 342 2717 Iulii
359 2646 502 2716 Caesaris
516 2645 564 2728 (⁸),
582 2665 613 2714 et
628 2669 703 2715 eum
718 2647 941 2736 imperatorem
955 2648 1137 2730 nominans,
1153 2671 1224 2715 mo·

68 2763 186 2832 natham
208 2783 241 2832 et
259 2763 442 2853 principem¹
463 2760 575 2830 mundi
599 2760 681 2829 fecit.
728 2786 810 2829 unus
837 2763 923 2829 enim
941 2761 978 2816 (f)
1004 2780 1126 2829 creator
1152 2784 1222 2829 om·

38 2882 49 2944 i
67 2872 133 2944 flium
147 2880 234 2947 Deus
253 2897 312 2959 est,
331 2899 412 2947 unus
429 2900 521 2966 papa,
539 2895 571 2944 et
589 2877 701 2944 unicus
719 2877 890 2965 imperator
908 2877 958 2944 cui
979 2875 1016 2943 ab
1037 2899 1092 2942 ore
1112 2873 1223 2943 divino

66 2995 225 3084 praecipitur
239 2993 394 3062 tributum
417 2992 493 3060 dari.
540 2992 633 3060 huius
657 2991 819 3080 dignitatis
841 2992 965 3073 electio,
985 3011 1079 3079 atque
1102 2990 1194 3058 sedes
1213 2992 1222 3080 l

67 3099 174 3177 Romani
185 3110 322 3199 imperii,
331 3126 477 3198 tempore
487 3108 691 3177 Constantini
705 3108 904 3196 imperatoris
917 3106 956 3174 ad
968 3108 1108 3175 Graecos
1124 3126 1224 3174 trans·
1290 3139 1310 3169 c.
1325 3130 1374 3186 s3n

65 3214 124 3290 latae
135 3225 259 3308 summ,
271 3227 325 3314 qui
341 3225 429 3314 gravi
443 3223 557 3290 morbo
572 3222 673 3312 leprae
694 3222 774 3289 beati
791 3222 944 3308 Sylvestri
956 3221 1114 3311 pontificis
1127 3223 1222 3289 inter-

65 3340 178 3408 (nume
192 3340 354 3422 liberatus,
369 3338 408 3407 ad
427 3362 499 3407 eam
517 3355 637 3429 partem
662 3338 812 3405 Graeciae
832 3338 971 3418 accessit,
988 3337 1041 3406 ubi
1057 3337 1222 3404 conditam

111 3560 186 3615 (1le
199 3572 240 3606 cur
253 3559 311 3605 inter
326 3559 428 3605 homines
440 3558 478 3616 qui
492 3557 586 3604 caeteris
599 3570 699 3615 praeesse
713 3557 824 3603 desiderat
838 3557 921 3604 virtute
977 3560 1008 3615 (b)
1022 3559 1062 3602 Bb
1072 3559 1150 3604 saltem
1160 3557 1226 3603 omni

63 3628 83 3683 lt]
93 3637 127 3683 ds
137 3638 304 3686 instoRornano
318 3637 410 3697 irnperio
463 3638 495 3693 (d)
509 3637 549 3682 Bb
560 3649 600 3694 per
612 3637 711 3682 duellum
765 3638 795 3694 (e)
811 3637 854 3682 Bb
867 3649 993 3695 possessum
1002 3636 1026 3681 in
1035 3648 1105 3682 uuum
1118 3634 1223 3690 contulit,

21 3706 191 3785 ‘lipesonsm
208 3719 294 3764 scilicet
313 3721 332 3764 1.
346 3717 449 3764 caecans
527 3718 559 3772 li)
575 3718 616 3762 Bb
629 3718 697 3776 igitur
764 3719 796 3776 (g)
810 3719 852 3762 Aa
873 3717 961 3770 electio,
975 3725 1042 3774 atque
1056 3714 1224 3773 sedesimperii

60 3796 137 3853 impure
150 3798 290 3847 &mutini
305 3797 445 3856 imperatoris
458 3798 487 3842 ad
500 3797 603 3843 Graecos
616 3799 747 3843 translatum
757 3806 790 3842 est

81 3984 216 4055 (t)rQuis
226 4003 293 4058 crgo
302 3983 505 4058 negabitiacere
514 3996 606 4040 sancta
652 3982 1223 4054 «nonforesubiectumRomanoimperio,

58 4070 279 4145 ‘pracceptatanti
287 4068 433 4142 pontilicis,
443 4069 512 4123 idest
521 4085 606 4142 papae
653 4071 753 4123 «cuius
763 4068 845 4124 sacris
854 4067 968 4140 legibus,
979 4066 1138 4138 respublica,
1147 4068 1223 4124 salva

57 4152 171 4208 «memmi
199 4154 329 4227 principis
357 4153 538 4220 sacerdotum,
560 4153 606 4225 qui
654 4153 786 4217 «iustitia,
799 4153 946 4216 ordinatur,
959 4150 1138 4222 amplificatur
1148 4164 1175 4207 et
1185 4170 1222 4207 re·

57 4249 157 4294 ¹titnnes
175 4254 270 4294 sacros
285 4237 394 4293 ordines
407 4237 607 4293 ecclesiasticos
653 4237 781 4308 «gitur».
834 4236 864 4291 B.
882 4236 1020 4300 Moneri,
1034 4234 1095 4290 Chr.
1115 4235 1221 4292 Modica

55 4320 197 4396 *dispertiti
233 4322 513 4397 ipseenimquidquid
529 4337 607 4376 unus·
655 4336 783 4394 1090-91.

53 4406 173 4481 «quisque
191 4406 281 4462 facere
309 4407 413 4471 debeat,
436 4405 561 4471 ostendit,
579 4417 606 4460 et

138 4530 156 4578 1.
170 4531 201 4577 de
215 4529 361 4577 ammte.
