3232 5716
312 486 354 554 34
781 466 1028 537 ursionis

311 701 414 769 fidelis
426 701 584 769 Francisci
608 700 648 768 de
668 701 872 792 Garbagna'te
887 701 1063 792 hospitium
1077 716 1200 792 petetis.
1247 703 1308 784 cul,
1324 716 1399 772 cum
1419 716 1512 793 equo
1543 726 1605 792 13⁰

312 818 527 901 descenderet,
548 832 720 908 antequam
739 820 779 887 sit'
797 819 880 887 inter
897 818 1066 886 familiares
1086 837 1231 888 amantes
1247 819 1292 901 (⁸),
1312 819 1406 888 ullius
1427 837 1509 888 con-

313 933 441 1003 ditionis
461 953 573 1002 mutua
596 935 677 1003 inter
700 957 735 1003 se
755 934 971 1003 vicissitudine
994 936 1159 1024 rogitaret:
1187 934 1306 1018 evade',
1328 920 1445 1026 inquit,
1467 936 1511 1004 ad

312 1072 434 1140 regem,
458 1071 534 1117 nam
558 1049 681 1118 aditum
715 1049 771 1118 tibi
794 1050 834 1118 ad
858 1069 974 1119 nutum
997 1072 1066 1118 esse
1089 1050 1214 1120 leruntt
1243 1051 1294 1118 cui
1317 1060 1372 1118 tlte
1396 1038 1513 1120 denuo

314 1183 485 1232 venturum
501 1165 629 1245 nuncia,
645 1185 688 1231 ne
702 1163 804 1232 tardes
828 1164 950 1232 vade».
997 1185 1034 1231 ac
1048 1185 1124 1231 cum
1138 1185 1237 1253 prope
1249 1162 1462 1232 conticinium
1474 1165 1512 1220 Φ)

314 1298 407 1362 esset,
424 1279 610 1346 Franciscus
633 1278 806 1367 quaerendi
826 1277 865 1346 ad
880 1278 1125 1369 regemladit'u's
1141 1264 1276 1346 minime
1293 1286 1423 1366 tempos
1439 1262 1513 1346 lore
1546 1302 1606 1367 135

315 1394 402 1463 dixit
437 1397 577 1463 Matteus
592 1411 701 1460 tamen
725 1393 831 1474 instat,
846 1393 950 1461 donec
972 1392 1026 1460 ille
1043 1377 1168 1462 rediens
1186 1402 1378 1481 responsum
1395 1389 1513 1461 relert'r

320 1510 490 1599 aquiescat,
511 1527 542 1576 et
562 1530 656 1576 mane
673 1509 819 1590 veniat»,
840 1508 1017 1596 inquitrex.
1060 1507 1162 1576 atille
1190 1507 1295 1575 «vade
1310 1508 1442 1588 iterum,
1462 1507 1513 1574 itt-

315 1624 394 1714 quit,
417 1623 571 1712 quoniam
594 1644 661 1689 non
686 1620 785 1704 cibus,
809 1639 877 1688 nou
899 1640 1005 1710 potus,
1030 1640 1084 1690 aut
1107 1621 1170 1690 nlla
1192 1622 1316 1712 requies
1346 1623 1405 1690 erit
1430 1620 1515 1689 mibi

316 1741 419 1808 donec
434 1740 544 1808 videro
557 1739 672 1807 faciem
684 1741 762 1821 eius,
781 1762 879 1829 quem
896 1741 1059 1808 Dominus
1072 1740 1200 1808 mundo
1216 1739 1353 1810 destinat
1364 1767 1400 1808 »a
1429 1740 1513 1808 haec

317 1878 403 1929 tanta
421 1859 561 1926 hominis
581 1857 707 1926 affectio
727 1859 877 1926 nunciata
895 1858 963 1947 regi
988 1872 1182 1928 noctutndm
1201 1859 1384 1949 impetravit
1402 1868 1514 1928 acces
1549 1880 1611 1946 140

317 1998 400 2044 sum.
447 1979 552 2064 itaque
576 1977 726 2058 Matteus,
746 1998 813 2043 non
844 1974 945 2044 modo
968 1977 1128 2045 velamine
1151 1977 1261 2066 captos
1291 1977 1437 2068 dempto,
1457 1992 1515 2047 ve'-

317 2116 390 2162 tum
404 2095 503 2161 eiecta
513 2112 585 2182 post
601 2109 689 2181 terga
703 2082 866 2181 clamyde,
874 2092 1073 2161 introductus
1092 2092 1206 2163 cecidit
1218 2101 1292 2162 alite
1304 2093 1403 2184 pedes
1413 2096 1519 2184 tegis,¹

318 2208 485 2297 inquiens:
510 2233 526 2270 a
539 2214 577 2273 tu
590 2228 631 2272 ne
645 2205 696 2272 ille
712 2229 746 2272 es
760 2207 813 2294 qui
831 2206 952 2273 miseris
968 2206 1170 2295 periclitantis
1190 2207 1299 2276 ltaliae
1315 2206 1409 2276 divus
1425 2222 1518 2297 patet

319 2323 434 2391 venis?
480 2329 514 2390 tu'
533 2345 575 2388 ne
590 2321 652 2401 ille,
671 2322 697 2388 si
714 2319 794 2388 bene
810 2320 955 2403 memini,
971 2332 1069 2410 quent
1086 2319 1208 2389 dudum
1226 2321 1362 2412 vigilatis
1377 2332 1415 2390 dc
1440 2320 1516 2390 dot·

320 2437 423 2505 miens
446 2437 721 2504 reconciliatorem
740 2457 851 2502 meum
870 2432 990 2503 video?
1034 2450 1110 2503 ecce
1132 2457 1215 2524 quos
1237 2436 1366 2505 osculor
1387 2445 1421 2505 et
1446 2459 1517 2504 am-
1552 2458 1611 2524 145

319 2552 440 2642 plector
450 2549 559 2640 pedes,
575 2550 705 2619 exulum
720 2549 834 2638 quibus
850 2559 973 2640 pacem,
991 2573 1134 2619 necnon
1153 2551 1289 2643 quietisll
1303 2560 1425 2620 statum
1441 2551 1518 2621 affe·

317 2666 432 2734 cunti»
466 2664 599 2733 demum
609 2688 666 2754 pro
676 2688 721 2746 se,
734 2683 766 2732 et
777 2666 832 2754 qui
846 2665 895 2733 sui
906 2665 1047 2733 nominis
1055 2687 1149 2734 causa
1157 2665 1364 2735 exulaverant
1371 2665 1405 2722 (ί)
1412 2673 1520 2755 pauca

321 2781 456 2864 locutus,
481 2781 623 2869 benigno
646 2799 726 2848 nutu
745 2788 839 2869 atque
864 2792 1058 2862 commeatu,
1079 2800 1153 2848 cum
1177 2780 1400 2850 benedictione
1417 2782 1519 2872 regis,

322 2896 441 2979 habito,
465 2897 620 2965 rediturus
643 2914 775 2965 summo
793 2919 888 2964 mane
911 2896 1086 2986 hospitium
1109 2898 1197 2987 petit.
1244 2906 1312 2979 tion
1330 2905 1443 2968 t'a'tn'en
1467 2883 1521 2968 illa

322 3037 389 3083 nox
408 3013 489 3082 adeo
512 3035 604 3082 caeca
627 3032 659 3082 et
677 3012 810 3082 obscura
832 3013 892 3082 luit
905 3032 941 3082 ut
955 3015 1125 3103 peregrino
1144 3014 1252 3085 habitu
1271 3023 1306 3085 s'e
1326 3016 1519 3086 occ'ttltrtrlt'ls'
1554 3037 1615 3102 150

323 3129 412 3199 ducis
442 3129 596 3218 inclytam
630 3128 743 3197 faciem
771 3151 837 3196 non
863 3129 1081 3219 perpenderet.
1136 3131 1253 3221 quippe
1278 3140 1346 3200 noli
1376 3135 1517 3200 omnitio

324 3245 494 3315 exulabant
513 3268 530 3312 a
549 3245 638 3314 vultu
659 3246 727 3314 eius
745 3247 892 3334 pristinae
911 3244 1070 3328 fortunae,
1089 3246 1317 3336 honorumque
1331 3255 1368 3315 ac'
1391 3248 1521 3316 virtutis

324 3363 475 3452 insignia;
495 3384 576 3450 quae
598 3361 672 3450 quia
695 3359 844 3449 deinceps
868 3360 982 3428 faciem
1006 3361 1075 3443 viri,
1099 3362 1226 3450 pavoris
1250 3371 1356 3445 causa,
1380 3363 1521 3433 minime

323 3497 443 3548 tectura
458 3495 556 3560 erant,
573 3477 705 3544 reticete
720 3476 821 3544 noluit
833 3476 1008 3544 adventum
1021 3478 1099 3546 elus.
1134 3485 1221 3558 nam,
1236 3486 1376 3567 lupum,
1392 3477 1434 3546 ab
1449 3480 1523 3547 aula

326 3594 418 3682 regis,
435 3591 555 3679 cogniti
570 3593 628 3658 viri
643 3609 696 3657 aut
716 3590 812 3659 auditi
829 3591 968 3659 nominis
984 3590 1064 3659 forte
1083 3614 1230 3660 murmur
1248 3593 1383 3661 veniens
1402 3595 1524 3664 Ascen-
1557 3616 1591 3680 15
1597 3616 1613 3679 5

327 3730 396 3774 sem
408 3704 520 3773 urbem
535 3705 646 3772 volitat
661 3723 692 3771 et
712 3723 783 3771 ante
798 3704 903 3771 lucem
920 3705 1045 3772 comitis
1064 3705 1262 3795 Philipponis
1279 3706 1460 3797 hospitium
1475 3734 1525 3778 re·

327 3821 402 3911 plet.
439 3843 551 3887 verum
566 3818 755 3908 primoribus
772 3819 902 3886 exulum
916 3820 1035 3903 Italiae,
1048 3822 1114 3909 qui,
1131 3844 1224 3889 causa
1239 3823 1524 3907 reconciliationis,

328 3953 482 4004 venerant
504 3936 537 4002 in
562 3958 730 4004 occursum
746 3935 755 4025 ll
770 3937 863 4024 regis,
887 3936 1001 4003 certior
1024 3937 1158 4004 nuncius
1182 3939 1280 4020 venit,
1304 3959 1447 4028 quorum
1463 3939 1525 4010 fre-

329 4077 430 4144 quens
454 4074 490 4119 ac
510 4052 608 4120 laetus
628 4052 763 4120 nuncius
787 4075 824 4119 ea
843 4071 936 4119 nocte
952 4053 1116 4136 cursitans,
1140 4052 1282 4144 undique
1303 4079 1360 4145 per
1383 4056 1528 4146 hospitia

329 4168 476 4238 laetificat
487 4168 673 4236 Gibellinos.
716 4186 763 4235 ast
776 4167 829 4236 ubi
843 4169 964 4256 primus
981 4169 1063 4236 inter
1079 4187 1160 4236 astra
1174 4193 1304 4240 serenus
1320 4170 1389 4239 dies
1406 4175 1526 4264 coepit,
1558 4176 1613 4238 160

386 4405 415 4460 (a)
431 4404 470 4447 Ab
484 4403 604 4447 familiares
617 4402 684 4447 ullius
745 4403 777 4458 (b)
793 4403 831 4445 Ab
846 4407 1019 4447 erroncomeute
1033 4403 1188 4448 conaccinium
1244 4406 1272 4460 (c)
1288 4405 1338 4461 Aa,
1352 4406 1394 4451 Ab
1407 4409 1502 4454 exulant

333 4605 395 4660 Nrc.
417 4605 505 4659 Bora.
526 4606 588 4675 887:
613 4606 664 4659 «in
684 4604 806 4658 Taurino
832 4605 905 4658 venit
951 4605 1097 4670 Mussaro‚
1107 4605 1174 4660 Hist.
1188 4608 1254 4677 Aug.
1264 4606 1286 4672 l,
1296 4606 1423 4663 rubum:
1440 4609 1531 4664 «iude

335 4705 406 4742 «rex
438 4688 628 4741 Romanorum
658 4705 752 4742 mense
775 4688 903 4753 octobris,
951 4707 964 4737 a
976 4690 1062 4743 movit
1081 4692 1131 4744 iter
1152 4691 1279 4745 trecentis
1303 4690 1393 4747 ferme
1412 4693 1530 4751 hastatis

337 4782 424 4825 «tunc
446 4788 509 4825 cum
529 4788 562 4826 eo
579 4775 655 4843 pauci
675 4780 746 4827 erant
763 4792 786 4827 a.
834 4772 903 4826 Ata.
951 4773 1114 4840 «militibus,
1127 4775 1314 4849 peditibusque
1329 4777 1449 4834 totidem
1463 4796 1489 4834 ι.
