3142 5730
410 512 436 564 1.
463 511 522 566 ox
550 510 863 567 caxuunarn.
1186 515 1227 582 29

167 729 231 810 lus,
243 730 413 799 Canevarii
429 732 522 815 filius,
535 733 600 822 qui,
615 734 779 822 superstite
795 734 916 817 Musca,
933 755 1031 822 quern
1047 750 1229 823 suspectum

167 846 270 913 ttionis
290 846 425 916 habebat
447 849 480 915 in
501 849 650 930 consiliis,
671 869 702 917 et
720 849 930 918 conventibus
949 847 1094 917 civilibus
1113 846 1229 915 domus

167 962 332 1031 ninabatur
351 964 458 1053 gladio
475 988 589 1031 necem
603 989 700 1055 quem
718 968 848 1034 sentiret
865 988 1033 1055 procurare
1049 964 1230 1032 dominium

167 1101 189 1145 s.
230 1077 286 1146 sed
306 1097 487 1168 postquam,
507 1099 637 1169 sumpto
652 1101 788 1170 sceptro,
808 1081 993 1149 Guidonem
1013 1081 1117 1149 valida
1131 1102 1229 1146 manu

167 1211 230 1259 tem
249 1192 338 1274 vidit,
357 1212 392 1261 ut
410 1193 457 1275 fit,
477 1196 621 1262 animum
640 1196 780 1278 remisit;
798 1196 808 1286 ΙΙ
825 1214 857 1263 et
876 1219 950 1264 curn
966 1197 1036 1285 ipso
1058 1194 1230 1283 sapientius

167 1307 208 1374 lit.
253 1309 360 1398 itaque
379 1328 471 1377 vetus
491 1310 543 1378 illa
560 1311 686 1393 seditio,
709 1331 740 1379 et
763 1311 989 1378 dominationis
1011 1309 1132 1378 invidia
1151 1310 1232 1376 inter

169 1445 216 1504 os,
229 1441 263 1490 ut
276 1447 372 1512 supra
383 1422 534 1508 diximus,
547 1425 645 1514 longe
657 1426 764 1493 durior
775 1426 870 1494 solito
883 1444 976 1515 atque
990 1426 1092 1492 maior
1101 1424 1230 1491 mansit:

167 1536 247 1626 'uque
270 1539 458 1627 sequacibus
481 1559 651 1629 perpetuae
673 1540 772 1628 pestis
806 1562 908 1607 causa.
959 1539 1037 1607 haec
1061 1556 1168 1606 autem
1193 1536 1232 1603 de

167 1675 198 1718 aa
226 1653 308 1721 inter
336 1677 370 1722 se
402 1655 558 1724 seditione
590 1655 767 1737 sufficiant,
796 1680 838 1724 ne
867 1656 996 1745 longius
1030 1656 1068 1722 ab
1104 1655 1233 1742 incepto

168 1770 261 1838 ur(¹).

167 1886 199 1953 Ἱ.
244 1887 372 1954 Interea
389 1887 546 1976 praefatus
568 1911 625 1956 rex
648 1890 808 1957 Henricus
831 1890 986 1978 propositi
1006 1889 1056 1956 sui
1075 1905 1183 1967 tenax,
1203 1904 1235 1952 et

167 2004 217 2070 iter
235 2025 332 2071 suum
348 2002 462 2087 facere,
477 2003 517 2071 ad
531 2004 594 2072 hoc
610 2004 737 2073 illicitus
752 2003 897 2073 fidelibus
912 2003 1134 2085 Alamanniae,
1152 2001 1232 2068 adeo

167 2139 224 2184 ;ac
247 2119 389 2186 sollicitis
412 2119 612 2207 apparatibus
631 2121 664 2186 in
689 2120 812 2187 Italiam
835 2119 1023 2209 properabat
1047 2117 1235 2197 adventum,

168 2256 333 2302 cursorum
348 2235 408 2302 iter
423 2235 529 2303 subito
544 2235 626 2302 velle
645 2236 795 2325 subsequi
814 2236 919 2304 visum
941 2237 992 2302 sit.
1039 2257 1143 2323 neque
1160 2231 1235 2300 inde

167 2370 254 2416 orum
277 2373 448 2438 procerum
472 2352 636 2439 opinione,
672 2351 788 2440 quibus
814 2351 929 2418 durum
952 2349 986 2417 id
1009 2373 1045 2417 ac
1069 2349 1164 2417 nimis
1189 2372 1236 2415 ar-

179 2464 356 2547 ridebatur,
383 2488 402 2531 a
428 2468 594 2555 proposito
623 2467 706 2555 regis
729 2467 854 2533 animus
882 2464 1055 2533 retardatus
1083 2482 1141 2546 est,
1163 2463 1237 2531 licet

167 2578 258 2646 tudio
271 2580 395 2647 tardare
416 2599 560 2648 curarent
573 2581 633 2647 iter
647 2581 726 2648 eius.
772 2603 884 2647 vetum
902 2581 912 2670 l
927 2579 987 2646 alia
1006 2579 1143 2646 occurrit
1162 2575 1237 2645 felix

167 2691 349 2758 ationabilis
366 2694 504 2760 occasio.
553 2691 729 2759 decesserat
742 2692 830 2758 enim
845 2714 885 2758 eo
900 2708 1045 2779 tempore
1061 2689 1236 2757 Bohemiae

167 2805 229 2871 tilis
252 2829 349 2873 sexus
373 2828 557 2873 successore
577 2806 665 2874 nullo
692 2805 822 2888 relicto;
853 2805 960 2872 relicta
984 2803 1149 2873 Helisabet
1172 2803 1238 2870 filia

167 2939 186 3000 ι,
209 2940 293 3005 quae
315 2918 429 2985 illustri
451 2918 518 2985 filio
541 2920 625 3009 regis
648 2919 785 2987 Iohanni
805 2919 1011 2985 matrimonio
1040 2919 1157 2998 iuncta,
1183 2939 1239 3004 pa·

167 3035 364 3102 rBohemiae
382 3058 521 3122 regnum
537 3037 571 3101 in
587 3034 699 3101 dotem
713 3035 785 3102 tulit
795 3032 841 3101 (²).
887 3035 993 3122 itaque
1012 3031 1240 3100 rationabiliter

167 3172 227 3216 tarn
255 3150 450 3218 Theutonos
473 3152 596 3239 linquat
621 3149 713 3233 fines,
736 3173 792 3218 rex
816 3150 919 3217 filium
938 3172 1040 3238 regno
1059 3151 1130 3238 ipso
1151 3170 1239 3215 coro

167 3288 187 3330 n
210 3264 313 3333 duxit.
356 3265 472 3333 deinde
496 3289 630 3354 magno,
654 3289 689 3332 ac
711 3285 840 3334 strenuo
860 3283 1056 3333 armatorum
1078 3261 1238 3353 praesidio

167 3381 277 3448 nenda
296 3385 387 3471 regni
405 3383 475 3449 iura
493 3381 553 3448 sibi
572 3380 637 3447 dati
655 3383 689 3447 in
708 3382 899 3448 Bohemiam
918 3380 1047 3448 dimisit

177 3515 325 3586 tempore
347 3499 485 3586 partialis
508 3496 605 3565 studii
631 3497 746 3564 morbo
770 3499 879 3565 civitas
898 3496 1150 3564 Mediolanensis
1169 3496 1238 3585 plu·

183 3612 359 3680 laborabat.
412 3613 464 3680 hic
488 3613 629 3694 morbus,
653 3612 764 3680 humili
784 3631 872 3680 ortus
896 3634 1001 3695 causa,
1024 3631 1159 3679 vacante
1177 3613 1238 3679 im·

167 3728 239 3795 tdeo
255 3729 412 3796 lethaliter
430 3728 607 3817 pullularat,
623 3747 668 3810 ut,
688 3750 728 3795 eo
746 3728 817 3795 solo
836 3728 926 3811 viti0,
943 3745 1041 3795 status
1060 3726 1145 3794 urbis
1164 3729 1239 3796 titu-

167 3864 255 3930 ›rope
282 3865 393 3909 casum
417 3842 510 3907 foret.
557 3863 632 3906 nam
658 3840 736 3906 dum
761 3840 771 3927 l
792 3840 910 3927 proprii
938 3858 969 3906 et
995 3839 1146 3906 naturalis
1173 3839 1239 3905 divi
1316 3882 1323 3894 ·

167 3959 192 4025 is
216 3977 390 4046 expectant
412 3957 590 4024 adventum
612 3957 709 4036 cives,
732 3956 821 4022 cuius
844 3955 1008 4023 iuvamine
1031 3954 1102 4022 freti
1124 3978 1239 4043 procu·

167 4073 294 4141 ebebant
317 4073 412 4140 honis
442 4072 566 4139 civibus
588 4072 746 4158 integram
769 4069 881 4138 urbem
910 4070 1052 4151 reddere,
1074 4071 1120 4136 eis
1143 4068 1184 4136 ad
1206 4069 1239 4137 id

167 4207 190 4249 n
208 4185 360 4250 extinctis
379 4182 461 4249 odiis
486 4181 567 4248 nihil
588 4181 679 4268 pensi
696 4179 766 4260 fuit,
784 4181 862 4269 quin
881 4181 985 4247 immo
1005 4202 1079 4246 cum
1101 4179 1240 4264 partium

168 4300 309 4367 debuere
334 4299 465 4378 remitti,
493 4317 526 4363 et
557 4294 744 4383 reipublicae
767 4295 889 4362 bonum
915 4296 992 4362 totis
1023 4292 1142 4361 viribus
1164 4317 1239 4383 pro

167 4555 193 4592 er
207 4540 234 4592 la
247 4538 434 4592 illustratione
452 4535 622 4589 dell'intiero
667 4530 802 4584 Zonfredo
833 4546 880 4584 era
906 4530 983 4602 figlio
1013 4532 1041 4584 di
1074 4529 1241 4587 eanemio.

190 4624 253 4676 sedi
272 4623 300 4674 l2
320 4619 414 4675 tavola
442 4617 622 4690 genealogica
702 4612 1109 4680 (2)Lenozzesiee1ebrarono
1121 4613 1240 4687 inspira

167 4706 235 4759 rimi
253 4705 328 4758 nella
355 4706 440 4758 saona
458 4702 502 4755 del
522 4700 624 4764 (ἱστία
667 4696 737 4766 1130
754 4707 851 4767 :gom
871 4712 946 4767 131o
983 4697 1028 4752 Cf.
1045 4698 1177 4765 Bona,
1195 4720 1242 4775 op.

167 4790 331 4844 abbiamoin
349 4785 553 4860 plulaootizia
570 4783 623 4838 che
668 4780 839 4850 ciuem
