3142 5730
387 486 447 553 128
858 505 1102 562 nrsronrn

381 728 476 794 armis
494 727 609 796 demtis
627 750 662 795 se
680 726 843 798 dedissent
868 730 988 813 stratis,
1010 749 1084 797 ante
1108 731 1188 798 lucis
1206 749 1317 798 ortum
1337 730 1468 819 vigilans
1487 730 1548 797 alne

381 843 472 910 turris
492 860 599 910 custos
622 842 793 911 vociferat:
822 870 838 908 a
857 844 945 912 ardet
967 843 1071 912 ebrius
1090 844 1220 934 ignibus
1239 844 1358 912 Padus.
1402 867 1479 911 arma
1495 845 1544 927 citi,

382 959 446 1025 iam
471 956 562 1025 nobis
581 959 749 1048 propinqui
764 978 850 1041 sunt,
866 961 965 1050 capite
988 982 1123 1027 arma».
1169 961 1279 1051 itaque
1297 960 1412 1050 quibus
1424 984 1456 1027 aa
1467 979 1540 1028 nocte

382 1072 468 1142 urbis
491 1061 634 1142 cust'odia
652 1077 823 1143 commissa
848 1092 924 1158 erat,
947 1076 1065 1166 quique
1083 1078 1180 1165 quieti
1203 1077 1269 1145 dati
1293 1095 1393 1156 erant,
1413 1079 1441 1144 in
1460 1100 1534 1144 unum

381 1213 450 1257 sese
470 1211 597 1259 coeunt.
643 1190 760 1259 Galeaz
776 1191 825 1259 his
844 1194 986 1282 stipatus,
1003 1195 1158 1283 primores
1177 1216 1323 1276 suorum,
1342 1193 1456 1282 reliquis
1470 1215 1530 1260 seor·

382 1328 455 1372 sum
475 1328 543 1373 esse
566 1306 668 1387 iussis,
689 1306 834 1375 consulit.
880 1327 956 1376 tunc
978 1308 1111 1376 Yvanus
1133 1308 1309 1376 invadendi
1333 1330 1411 1397 quos
1436 1309 1529 1378 volebat

383 1420 587 1487 occasionem
606 1438 727 1502 nactus,
744 1421 863 1510 inquit:
887 1445 975 1489 «cur
992 1445 1060 1490 non
1079 1422 1149 1506 hos,
1171 1446 1254 1512 quos
1278 1425 1383 1511 primo
1400 1427 1527 1506 sensimus,
1562 1424 1565 1431 '

382 1534 596 1622 occupamus?
642 1554 795 1603 armatam
822 1535 954 1604 classem
988 1555 1020 1604 et
1041 1561 1102 1605 nos
1132 1536 1288 1606 habemus
1314 1566 1345 1607 ι.
1389 1539 1456 1607 dum
1475 1540 1526 1608 haer

382 1653 487 1720 Yvani
518 1670 611 1742 atque
645 1653 704 1720 alia
733 1653 970 1722 consulentium
989 1653 1125 1722 aliorum
1148 1657 1371 1750 examinantur
1391 1655 1471 1738 dicta,
1490 1656 1526 1745 qui
1563 1642 1568 1649 ⁵

381 1771 415 1836 in
439 1769 574 1837 turribus
599 1769 840 1859 speculabantur
868 1773 932 1837 iam
951 1770 1129 1839 lucescente
1151 1771 1330 1841 vociferant
1354 1772 1432 1840 haud
1447 1773 1525 1862 proorl

383 1885 493 1975 plenos
523 1884 668 1953 hostibus
698 1908 827 1974 campos
851 1908 930 1967 esse,
954 1884 1068 1953 deinde
1087 1887 1294 1977 Papiensium
1316 1891 1403 1977 signa
1423 1909 1523 1955 cernere.

382 2020 459 2069 tunc
483 2000 598 2070 Galeaz
620 2000 800 2070 Vassallum
823 2000 863 2068 de
886 2001 985 2069 Desio
1009 2001 1222 2071 collateralem
1245 2026 1352 2086 suum,
1372 2004 1441 2093 quid
1458 2020 1524 2091 agant

383 2139 489 2204 quove
519 2117 629 2186 ordine
653 2116 759 2185 hostes
784 2118 912 2185 veniant
930 2117 1127 2206 speculatum
1146 2119 1252 2186 mittit
1300 2119 1350 2187 ille
1372 2120 1464 2187 hostes
1477 2117 1523 2207 plus

383 2235 536 2324 opinione
565 2234 760 2324 propinquos
789 2235 946 2323 reperiens
973 2233 1057 2301 illico
1086 2233 1190 2315 rediit,
1213 2258 1279 2324 quo
1308 2235 1431 2325 pedites,
1449 2212 1566 2324 quorep‘¹

383 2352 504 2441 equites
526 2351 636 2420 ordine
659 2352 788 2419 veniant
813 2349 962 2418 referens.
1026 2350 1279 2434 «acceleremus,
1309 2354 1420 2441 inquit;
1437 2350 1468 2417 ad
1485 2369 1524 2415 nos

383 2467 470 2536 velut
488 2467 527 2535 ad
545 2467 694 2556 praedam
713 2467 918 2535 tumultuario
936 2468 1064 2556 agmine
1079 2469 1224 2535 veniunt.
1270 2468 1357 2536 nulla
1371 2467 1451 2535 nobis
1462 2483 1524 2532 mora

383 2600 450 2651 tuta
469 2601 516 2650 est
531 2608 562 2650 s.
595 2584 773 2673 praemissis
792 2584 887 2672 igitur
904 2581 1072 2670 peditibus,
1091 2581 1208 2650 Galeaz
1233 2606 1309 2650 cum
1324 2584 1410 2650 omni
1424 2581 1523 2670 equitatu

381 2722 437 2788 per
454 2717 579 2787 portam
602 2698 641 2766 de
659 2718 755 2767 strata
773 2698 835 2766 alta
859 2716 968 2766 contra
986 2699 1049 2764 iarn
1068 2699 1267 2787 propinquos
1291 2700 1423 2788 erumpit
1441 2698 1523 2764 hostes

381 2815 485 2904 primo
520 2832 626 2882 autem
657 2815 935 2903 utriusquepartis
964 2812 1107 2903 peditum
1131 2834 1201 2880 sese
1224 2814 1386 2882 incursant
1411 2814 1477 2880 acies
1495 2807 1523 2872 (ι).
1540 2812 1565 2894 55}

382 2929 531 2999 Gibellini
544 2950 662 2997 temere
678 2931 841 2996 venientes
855 2928 1019 3018 Guelphos
1034 2952 1100 2997 non
1114 2952 1248 2996 suorum
1261 2931 1402 3019 equitum
1414 2931 1467 2995 acie
1475 2923 1524 2992 sub

381 3067 531 3138 sequente
554 3047 636 3114 illico
651 3045 792 3113 mrbatos
812 3044 959 3127 fundunt,
979 3047 1032 3134 qui
1056 3045 1134 3113 nihil
1153 3048 1272 3128 minus,
1295 3070 1390 3135 quam
1405 3059 1524 3113 utcontra

381 3186 415 3231 se
435 3163 541 3231 hostes
564 3179 765 3249 erumperent
788 3179 965 3228 metuentes
990 3159 1070 3227 adeo
1093 3180 1321 3249 processerant,
1341 3181 1376 3228 ut
1398 3177 1524 3244 erumpen-

381 3282 461 3347 tium
477 3280 632 3369 impetum
649 3279 746 3345 vitare
766 3300 831 3345 non
847 3296 988 3366 possent,
1004 3276 1132 3345 absente
1149 3278 1251 3344 immo
1267 3278 1429 3366 ignorante
1442 3272 1524 3342 conire

384 3396 463 3464 duce
483 3419 553 3478 suo,
577 3419 673 3484 quern
697 3396 810 3463 Simon
835 3393 873 3461 de
892 3395 921 3461 la
941 3394 1045 3462 Turre
1064 3391 1221 3461 Guidonis
1240 3392 1325 3462 filius
1344 3394 1461 3462 exulum
1479 3382 1564 3455 lle-6⁰

381 3513 499 3580 diolani
515 3513 549 3567 (¹)
565 3513 709 3601 princeps
739 3534 848 3579 secum
877 3512 910 3576 in
934 3511 1108 3578 solitarium
1131 3509 1239 3577 locum
1258 3530 1392 3578 traxerat
1409 3509 1443 3575 ad
1458 3503 1524 3573 collo

380 3630 491 3719 quium
511 3653 585 3697 curn
604 3629 735 3697 Simone
756 3628 938 3695 Malvecino
962 3644 1089 3694 auctore
1109 3624 1310 3716 proditionis,
1329 3649 1421 3715 quam
1435 3615 1525 3689 nube

380 3768 449 3812 esse
480 3744 635 3812 asserebat
659 3763 789 3831 uterque
820 3743 943 3810 Simon.
990 3739 1235 3829 quibuscomes
1265 3741 1475 3810 incursantium
1492 3752 1525 3796 tu·

381 3861 517 3928 multum
534 3883 759 3948 armorumque
771 3858 901 3926 audiens
918 3859 1074 3925 sonitum:
1085 3855 1246 3939 «fortuna,
1262 3859 1374 3947 inquit,
1386 3878 1457 3945 quae
1468 3847 1525 3916 uria

381 3976 457 4044 haec
474 3975 604 4043 consilia
629 3995 736 4043 nostra
755 3975 839 4056 lecit,
859 3996 918 4042 suo
938 3995 997 4041 nos
1018 3972 1150 4040 consilio
1169 3996 1256 4040 nunc
1275 3973 1320 4041 uti
1341 3972 1422 4039 volet
1436 3997 1459 4034 r.
1494 3963 1525 4027 in·
1542 3954 1562 4035 6l

380 4092 482 4180 deque
502 4114 535 4158 se
559 4090 757 4171 subtrahens,
781 4088 857 4157 dum
882 4087 1127 4156 vociferantium
1146 4105 1357 4175 conspectum
1377 4085 1457 4175 petit,
1474 4093 1524 4143 ⁵11⁰⁵

430 4344 465 4396 (ιι)
482 4341 542 4385 Mur.
558 4340 609 4384 exul
624 4338 745 4383 Mediolani

412 4563 707 4634 (1)«ApudSancturn
717 4561 950 4632 Antoniumproe·
996 4576 1116 4612 «eorum
1142 4559 1244 4623 amicis,
1273 4570 1299 4610 et
1326 4564 1443 4629 ceperunt
1459 4539 1523 4599 exeis

379 4648 547 4712 «linearum,
566 4660 591 4701 er
621 4663 749 4717 magnam
776 4659 893 4717 stragem
912 4643 950 4698 fe·
997 4658 1093 4696 «nec.
1109 4654 1136 4695 et
1151 4640 1222 4693 circa
1238 4651 1278 4693 tot
1294 4640 1471 4721 occiderunta
1494 4620 1521 4674 ¹⁰

378 4753 390 4780 a
404 4745 497 4785 cerunt
517 4731 672 4801 (Gibellini)
697 4732 729 4784 de
754 4730 831 4783 dictis
856 4729 950 4783 extrin·
996 4744 1031 4781 nn
1044 4727 1147 4780 Mossrs
1164 4725 1258 4779 Clrron.
1274 4726 1380 4780 Placent.
1398 4720 1442 4774 loc.
1453 4721 1486 4766 cll

377 4815 471 4869 «setis
491 4815 654 4870 Placentinis
673 4827 699 4868 et
725 4813 901 4885 Papiensibus
924 4825 950 4865 et
