3142 5730
601 486 631 541 1.
656 486 715 541 ns
742 486 1059 545 enumerare.
1356 498 1416 565 ¹47

241 704 334 774 dibile
349 705 459 775 fuisset
476 706 631 775 arfisite).
675 708 711 777 in
728 707 823 777 buius
837 710 993 779 exercitus
1011 709 1150 779 adventu
1172 712 1207 781 in
1221 712 1417 784 deditionem

242 822 370 891 veniunt
391 819 647 911 Oghiablanum,
663 841 795 913 utraque
813 825 954 893 Ferraria
976 825 1173 895 Lomellinae
1195 827 1342 917 aliudque
1365 854 1416 899 ca·

244 956 349 1019 tntum,
370 935 457 1027 quod
478 938 656 1027 Praepositi
684 956 823 1009 castrum
845 958 963 1008 vocant
979 940 1114 1022 incolae,
1141 942 1308 1032 pluresque
1337 944 1417 1014 aliae

245 1052 332 1121 villae
353 1054 371 1089 ⁸
395 1051 610 1143 populationis
643 1076 793 1143 agrorum
815 1054 993 1145 pleraeque,
1015 1078 1149 1146 quarum
1172 1058 1298 1141 incolis,
1327 1059 1354 1127 si
1376 1059 1416 1127 ab

193 1182 227 1250 30
246 1164 378 1235 hostibus
395 1186 667 1257 oppugnarentur,
686 1167 813 1237 modica
835 1192 906 1259 spes
929 1168 1122 1239 defensionis
1142 1190 1217 1240 etat
1263 1174 1339 1241 Duo
1358 1196 1413 1243 au·

247 1300 304 1349 tent
323 1280 440 1351 nobilia
461 1281 580 1373 oppida
597 1281 782 1372 Rodopium
804 1301 836 1352 et
848 1284 1029 1353 Nicomum
1044 1308 1152 1375 pugna
1169 1285 1282 1355 frustra
1297 1306 1417 1357 tentata

248 1414 320 1465 sunt.
363 1416 501 1467 castrum
523 1420 652 1488 quoque
675 1399 800 1466 comitis
822 1397 966 1467 Guidetti
993 1398 1033 1466 de
1051 1400 1235 1490 Langusco,
1256 1403 1307 1470 cui
1333 1404 1415 1472 Her·

248 1508 402 1581 bonesium
419 1535 543 1581 nomen
566 1510 686 1595 erat(²),
700 1535 767 1581 uno
781 1511 833 1579 die
853 1513 1006 1581 continuo
1020 1537 1121 1603 usque
1140 1536 1285 1605 vesperas
1303 1515 1416 1585 frustra

246 1648 340 1717 pugna
366 1644 526 1697 tentatum
548 1646 606 1710 est,
628 1627 732 1696 immo
754 1628 852 1695 etiam
877 1627 964 1717 quod
987 1646 1076 1696 extra
1097 1651 1265 1699 murorum
1288 1633 1416 1700 moenia

198 1758 227 1825 35
246 1758 394 1831 receptum
409 1760 538 1827 vocant,
557 1742 626 1811 sola
643 1743 718 1810 valli
736 1765 772 1811 ac
791 1741 895 1811 fossae
911 1743 1032 1812 ambitu
1052 1743 1219 1813 defensum
1237 1764 1294 1814 est
1341 1764 1417 1816 tnnc

246 1880 319 1941 vero,
330 1856 406 1927 dato
417 1858 558 1949 receptui
571 1858 676 1948 signo,
696 1881 714 1927 a
728 1881 837 1948 pugna
851 1878 1010 1927 cessatum
1028 1878 1086 1927 est.
1131 1858 1260 1949 profuit,
1276 1880 1415 1951 utputo,

244 1971 419 2057 defensioni,
442 1971 531 2063 quod
554 1996 628 2042 cum
646 1973 750 2042 scalae
771 1996 870 2063 prope
891 1993 1017 2062 portam
1041 1976 1132 2043 castri
1155 1994 1278 2045 erectae
1300 1976 1415 2058 forent,

243 2107 267 2155 et
278 2088 454 2158 instantiori
466 2111 576 2179 pugna
586 2107 773 2178 urgerentur
786 2090 962 2172 extrinseci,
973 2089 1084 2157 deiecti
1097 2107 1171 2159 sunt
1182 2090 1300 2159 denarii
1313 2090 1417 2159 adex-

241 2204 287 2273 ris
306 2222 401 2293 atque
423 2204 557 2273 sinistris
574 2203 676 2295 plenis
703 2203 852 2272 manibus
874 2206 983 2294 sparsi,
1013 2223 1047 2272 ut
1067 2203 1178 2286 hostis,
1202 2228 1298 2294 quem
1321 2207 1416 2275 nimis

194 2318 360 2397 torridum
382 2317 546 2409 pugnandi
572 2318 693 2402 vident,
711 2319 751 2387 ad
774 2318 913 2387 oblatam
935 2318 996 2388 sibi
1017 2320 1188 2408 pecuniam
1207 2339 1359 2404 curreret;
1382 2339 1414 2390 et

239 2452 269 2502 nt
292 2432 461 2523 sperabant
483 2434 645 2501 intrinseci
667 2434 714 2503 sic
741 2433 862 2518 accidit,
885 2457 961 2502 narn
996 2434 1171 2502 Gibellinus
1205 2433 1306 2518 miles,
1329 2434 1414 2503 illico

236 2570 371 2638 pugnam
385 2547 545 2638 linquens,
563 2549 701 2617 incertae
717 2548 853 2638 praedae
870 2548 1015 2638 praetulit
1034 2566 1155 2618 certum
1173 2549 1308 2617 lucrum.
1350 2568 1416 2617 erat

236 2664 316 2731 enim
338 2683 479 2733 castrum
500 2663 578 2732 illud
600 2663 740 2754 undique
769 2663 1024 2754 inexpugnabile,
1049 2686 1115 2731 non
1143 2682 1251 2732 tamen
1276 2663 1340 2734 ulla
1357 2663 1416 2733 ho·

235 2778 366 2862 minum,
380 2778 438 2847 sed
452 2779 551 2847 solius
567 2797 697 2847 naturae
712 2798 778 2847 arte
790 2779 800 2870 l
814 2781 985 2862 munitum,
1005 2778 1063 2846 laci
1079 2778 1198 2847 scilicet
1216 2798 1247 2847 et
1265 2779 1414 2868 profundi

188 2913 216 2979 45
234 2893 332 2983 stagni
348 2892 508 2983 praesidio
530 2911 636 2961 tutum
657 2911 780 2982 praeter
802 2893 869 2961 eius
887 2894 968 2961 latus
992 2916 1104 2974 unum,
1123 2892 1176 2961 ubi
1200 2894 1294 2961 unica
1317 2894 1415 2960 totius

235 3009 320 3077 castri
335 3026 430 3099 porta
448 3025 524 3091 erat,
548 3025 620 3075 ante
644 3010 732 3078 cuius
755 3008 857 3077 lateris
876 3007 990 3076 faciem
1008 3027 1151 3097 receptus
1175 3008 1260 3075 vallo
1284 3029 1320 3075 ac
1336 3028 1416 3096 pro·

232 3122 326 3193 lunda
347 3122 436 3193 fossa
458 3141 545 3193 tutus
564 3123 720 3207 obstabat,
736 3147 776 3191 ne
789 3124 909 3212 primus
925 3123 1066 3191 bostium
1085 3124 1220 3210 impetus
1237 3120 1277 3188 ad
1290 3141 1414 3210 portam

232 3261 422 3329 mutumque
436 3238 585 3307 interiora
601 3239 693 3307 castri
706 3237 805 3307 fieret.
851 3237 991 3327 dumque
1006 3235 1199 3326 stipendiarii
1213 3236 1312 3304 nostri
1327 3235 1414 3304 illam

232 3354 330 3424 solam
358 3370 483 3444 partem
511 3353 628 3443 recepti
661 3372 816 3443 pugnant,
839 3374 920 3441 quae
944 3353 1090 3441 opposita
1112 3349 1152 3417 ad
1175 3369 1299 3440 porram
1322 3349 1415 3416 castri

180 3488 211 3553 50
231 3468 370 3539 defendit
381 3467 669 3558 accessum,-ibique
681 3491 721 3535 ex
731 3466 881 3536 omnibus
893 3465 1032 3556 partibus
1047 3461 1306 3533 concurrentibus
1318 3463 1415 3531 totius

228 3586 342 3673 recepti
356 3582 575 3653 defensoribus
595 3606 713 3673 magna
728 3583 761 3651 vi
778 3581 944 3664 resistitur,
962 3582 1004 3647 ita
1021 3578 1109 3669 quod
1127 3578 1415 3668 inexpugnatione

262 3846 306 3920 (1)
324 3848 435 3919 Appare
453 3846 576 3902 evidente
595 3844 667 3901 dalla
685 3844 800 3916 partico-
844 3844 957 3908 desimo‚
967 3843 1012 3914 gil
1029 3841 1141 3896 sindaco
1157 3839 1228 3894 della
1244 3841 1308 3894 cirta
1323 3838 1351 3893 di
1364 3838 1415 3893 Mi·

228 3931 283 3987 lare
298 3948 363 3988 eura
378 3932 430 3987 che
447 3931 468 3986 il
484 3932 517 3988 C.
532 3932 663 3986 dimostra
678 3931 724 3985 nel
738 3942 800 3985 trar-
844 3926 907 3982 lano
923 3942 976 3980 con
989 3924 1140 3978 Francesco
1155 3924 1189 3977 da
1205 3921 1378 3992 Garbagnate
1396 3937 1411 3975 e

228 4017 349 4088 leggiare
382 4016 409 4070 la
440 4015 527 4087 figura
553 4013 597 4070 del
624 4013 798 4083 Garbagnate
842 4011 943 4081 Iacopo
961 4009 994 4063 da
1009 4006 1166 4063 Pirovano?
1204 4004 1238 4059 V.
1249 4002 1414 4058 Prefazione.

227 4097 274 4170 (tf.
294 4095 352 4172 cap.
367 4097 445 4171 XVI)
469 4099 528 4165 che,
542 4096 582 4152 fra
597 4097 658 4152 tutti
676 4097 685 4149 i
700 4095 799 4150 fautori
878 4093 921 4166 (a)
939 4093 979 4147 La
1005 4091 1121 4147 fortezza
1149 4090 1176 4144 di
1203 4088 1341 4143 Erbonese
1370 4085 1414 4141 del

226 4182 299 4237 della
314 4194 396 4237 causa
409 4182 565 4254 ghibellina‚
580 4198 699 4237 nessuno
715 4181 760 4251 piu
772 4180 799 4234 di
843 4191 924 4234 conte
949 4178 1078 4233 Guidetto
1098 4176 1124 4229 di
1143 4174 1287 4245 Langosco
1313 4170 1341 4225 in
1360 4171 1412 4225 Lo·

226 4266 265 4323 lui
283 4267 356 4339 gode
374 4267 400 4321 le
418 4267 543 4337 simpatie
558 4265 603 4320 del
616 4277 711 4320 nostro
725 4265 800 4319 scrit-
843 4261 962 4317 mellina.
999 4259 1136 4315 L’assedio
1164 4256 1205 4310 del
1235 4252 1347 4308 castello
1366 4270 1413 4307 ar-

225 4363 301 4417 tore3
314 4368 360 4405 ma
371 4349 451 4417 forse,
464 4366 493 4404 se
508 4366 565 4404 non
581 4348 797 4421 c’inganniamo,
842 4364 930 4402 venne
939 4345 1109 4401 nell’ottobre
1124 4341 1153 4395 di
1164 4338 1319 4413 quell'anno
1338 4352 1414 4407 1314.

226 4446 322 4508 queste
344 4433 439 4506 parole
463 4432 560 4488 celano
586 4432 605 4486 il
633 4434 798 4486 tammarico
843 4430 886 4486 Cf.
902 4431 1052 4495 Rouornu,
1067 4444 1111 4498 op.
1128 4425 1171 4481 cit
1186 4422 1233 4488 IV,
1249 4418 1300 4494 269
1320 4437 1335 4475 e
1354 4437 1414 4493 sgg.

226 4519 278 4575 che
296 4518 385 4574 anche
400 4518 433 4573 ad
449 4517 518 4583 altri,
535 4533 592 4572 non
609 4532 691 4571 meno
706 4517 798 4572 devoti
842 4515 866 4570 ll
883 4513 1012 4569 Robolini
1027 4511 1105 4567 crede
1118 4508 1144 4562 di
1157 4519 1234 4579 poter
1249 4518 1413 4575 correggere

226 4620 242 4658 a
268 4604 374 4659 Matreu
396 4602 528 4667 Visconti,
555 4603 582 4656 la
608 4601 716 4656 fortuna
743 4616 798 4655 non
843 4596 1084 4657 l‘rErbonensisa
1113 4591 1157 4647 del
1183 4591 1214 4646 C.
1247 4588 1275 4643 in
1296 4608 1311 4639 e
1331 4586 1415 4643 Albo·

226 4687 306 4742 abbia
323 4685 500 4759 ugualmcnte
519 4686 612 4740 arrisu.
649 4685 709 4740 Che
727 4684 747 4739 il
766 4683 799 4739 C.
844 4683 968 4747 nensis»,
984 4696 1029 4734 ma
1044 4692 1099 4732 non
1118 4691 1153 4730 ne
1171 4674 1205 4729 da
1223 4672 1360 4744 leprose.

226 4772 380 4827 intendesse
398 4772 519 4827 alludere
537 4770 625 4825 anche
649 4787 665 4824 a
692 4772 722 4824 se
745 4783 800 4822 me·
