3232 5716
137 449 182 513 26
611 460 857 519 HISTORIA

205 683 260 764 ili,
288 682 396 750 multis
423 681 608 771 specialibus
627 683 760 763 onerati,
778 681 819 749 ad
845 703 958 770 regem
983 679 1063 749 fidei
1079 680 1205 751 litteras
1227 704 1334 751 secum

139 796 244 865 lenmt
261 821 297 864 ac
320 820 459 865 causam.
506 799 607 865 incito
628 821 755 886 semper
777 796 941 878 Guidoue,
968 796 1050 865 haec
1073 816 1146 865 acta
1167 798 1269 869 luisse
1290 797 1333 865 di·

2 952 76 997 .9u
140 934 265 994 matur,
282 937 380 1002 quem
400 916 432 980 in
451 915 545 983 huius
561 914 571 1002 Ι
590 914 713 981 consilii
730 913 872 981 discessu
894 912 1012 981 dixisse
1034 912 1154 982 fertur:
1175 938 1331 983 «summo

140 1028 248 1096 studio
270 1051 489 1118 procuramus,
512 1027 608 1096 tideo
630 1048 770 1096 mortem
795 1048 939 1096 nostram
958 1055 989 1095 ι.
1035 1050 1097 1096 uec
1125 1027 1228 1097 [alsus
1250 1048 1331 1096 vates
1353 1056 1380 1122 30

140 1143 208 1210 luit
276 1168 352 1211 nam
378 1145 458 1212 nihil
482 1144 569 1212 dubii
590 1166 639 1212 est
665 1147 743 1233 quin
766 1145 898 1212 eventui
922 1145 1006 1232 regis
1031 1142 1125 1212 facile
1151 1146 1258 1213 resisti
1280 1168 1333 1235 po-

140 1262 284 1341 tuissent,
298 1283 357 1327 nec
368 1262 466 1327 etiam
480 1259 560 1327 fines
572 1261 726 1348 Ligurum
742 1261 907 1349 attigisset,
922 1260 949 1325 si
962 1258 1001 1327 ad
1015 1258 1237 1329 resistendum
1251 1282 1331 1348 prae

140 1374 195 1442 lati
226 1377 383 1465 principes
407 1377 643 1443 convenissent.
707 1399 819 1442 tentm
842 1376 987 1462 tyrannis
1008 1374 1183 1443 modicum
1205 1397 1332 1465 regnare

141 1512 330 1558 concessum
349 1513 408 1574 est,
426 1493 481 1581 qui
500 1492 635 1558 iustitiae
654 1490 779 1558 bonum
797 1491 953 1574 nesciunt,
971 1513 1054 1581 quae
1077 1490 1150 1559 sola
1168 1511 1332 1581 regnantes

142 1603 255 1672 firmm
316 1609 444 1696 insuper
466 1606 627 1674 Guidonis
648 1608 803 1695 potentia,
829 1605 912 1673 adeo
934 1607 1078 1673 maxima
1099 1606 1272 1676 laborabat
1293 1611 1332 1677 in·
1353 1631 1378 1696 35

142 1718 236 1801 vidia,
256 1740 291 1788 ut
310 1723 406 1789 etiam
423 1745 506 1812 quos
518 1721 630 1789 domui
641 1744 718 1789 suae
736 1720 937 1809 praefecerat,
956 1721 1069 1790 vicinis
1087 1723 1167 1808 suis,
1188 1742 1225 1791 ut
1248 1747 1333 1814 saepe

143 1834 267 1917 accidit,
284 1839 393 1905 nescio
415 1839 523 1904 livoris
547 1860 674 1904 veneno
696 1837 800 1924 magis
821 1857 920 1925 quam
944 1837 1024 1904 titio
1046 1838 1230 1927 superbiae,
1247 1863 1333 1930 aegre

144 1947 245 2017 lerant
254 1975 352 2040 penes
365 1953 505 2021 eundem
514 1976 584 2021 esse
596 1954 788 2041 principatus
795 1974 958 2020 summam
965 1954 1063 2042 partis
1072 1976 1164 2037 suae,
1169 1956 1335 2046 ipsumque

145 2062 209 2130 lere
232 2069 355 2135 cunctis
374 2069 541 2159 Liguribus
561 2067 602 2135 ad
616 2068 741 2136 libitum
760 2068 882 2135 amicos
905 2087 1044 2136 tectores
1062 2067 1149 2139 dare.
1208 2073 1256 2140 sic
1276 2091 1334 2141 ete·

12 2221 20 2234 ·
33 2204 60 2248 aa
69 2205 84 2236 u
145 2181 254 2248 nime)
266 2183 304 2249 ab
317 2185 448 2271 antiquo
459 2204 622 2253 servatum
633 2204 692 2264 est,
701 2204 735 2251 ut
748 2183 804 2271 qui
814 2184 825 2271 l
835 2184 868 2251 in
880 2181 1068 2252 Mediolano
1079 2205 1218 2274 praeest,
1227 2188 1336 2277 praesit
1354 2204 1382 2272 4⁰

145 2298 242 2364 etiam
263 2300 296 2364 in
320 2298 448 2386 Liguria
471 2300 602 2366 caeteris
624 2298 769 2365 [actionis
794 2320 881 2365 suae.
925 2301 1146 2389 nequeenim
1165 2301 1335 2372 Mediolani

146 2413 241 2479 etiam
264 2414 345 2479 intra
367 2414 496 2480 moenia
519 2434 630 2483 contra
645 2416 750 2503 ipsum
773 2413 959 2482 Guidonem
978 2414 1087 2483 deerat
1104 2416 1247 2501 invidia;
1264 2421 1335 2508 quia

147 2528 248 2592 immo
265 2526 367 2593 multo
386 2528 487 2595 maior
501 2549 533 2595 et
548 2530 654 2597 senior
676 2551 741 2597 etat
760 2529 936 2597 domestica
954 2553 1052 2620 quam
1073 2551 1219 2602 externa.
1265 2557 1336 2602 uam

146 2641 286 2730 plerique
298 2662 489 2730 agnatorum
501 2645 598 2713 etiam
611 2648 833 2734 proximorum
848 2645 966 2714 domus
979 2669 1067 2730 suae,
1078 2670 1120 2715 ex
1131 2671 1200 2738 quo
1212 2649 1336 2719 titulum

149 2754 376 2825 dominationis
390 2760 424 2825 in
442 2759 526 2827 cites
545 2782 732 2850 sumpserat,
746 2760 940 2829 inexorabile
954 2760 1069 2831 odium
1082 2785 1124 2830 eo
1143 2764 1217 2853 ipso
1232 2785 1338 2834 contra
1356 2778 1383 2845 45

148 2895 182 2939 se
200 2893 366 2961 sumptum
382 2898 559 2964 numquam
573 2877 776 2958 remiserant;
792 2877 895 2944 inuno
910 2877 1077 2960 hostiliter,
1089 2896 1125 2947 ut
1141 2879 1254 2963 fertur,
1268 2905 1339 2951 cum

149 2987 338 3076 primoribus
362 2989 512 3058 adversae
538 2993 636 3080 partis
657 3012 877 3075 tractaverant,
899 3014 937 3060 ac
964 3015 1215 3081 procuraverant
1237 2997 1340 3066 turba·

149 3103 272 3171 tionem
302 3123 401 3173 status
427 3107 485 3173 sui.
532 3107 620 3175 cuius
643 3109 687 3174 rei
711 3105 812 3175 luerat
843 3129 954 3175 auctor
977 3108 1077 3176 Casto
1108 3107 1193 3179 della
1228 3113 1341 3194 Turre,

152 3221 280 3288 Muscac
295 3221 377 3289 lilius
396 3222 649 3311 archiepiscopus
663 3222 849 3304 Mediolani,
864 3225 919 3311 qui
937 3248 993 3313 per
1007 3227 1150 3313 speciem
1164 3227 1343 3298 subsidium

152 3333 246 3402 dandi
266 3337 412 3403 cardinali
428 3337 467 3403 de
482 3335 673 3428 [Peregruo]
685 3338 730 3418 (ll,
749 3341 804 3426 qui
823 3338 863 3405 ad
878 3337 1115 3408 defendendam
1134 3341 1251 3415 urbem
1270 3347 1345 3414 Fer·
1368 3355 1396 3425 50

152 3452 275 3532 ratium,
294 3474 312 3516 a
330 3453 462 3520 l'euetis
482 3452 639 3520 Ecclesiae
662 3451 815 3534 deditam,
834 3477 853 3521 a
870 3477 1000 3523 summo
1018 3456 1172 3544 pontifice
1191 3459 1345 3551 legatus!

5 3581 24 3613 τ·
40 3583 92 3629 aa*
153 3564 263 3648 luerat,
282 3590 345 3634 una
361 3569 394 3622 (ἔ)
407 3592 480 3636 cum
501 3569 617 3636 Galeaz
635 3570 844 3653 l'icecomite,
868 3590 945 3639 tunc
967 3573 1060 3641 exule
1079 3574 1271 3660 Mediolani,
1294 3600 1347 3647 oc·

155 3681 237 3749 culta
256 3682 387 3750 consilia
398 3683 515 3751 ibidem
534 3684 681 3752 habuisse
700 3683 814 3753 dicitur
832 3706 944 3755 contra
959 3687 1159 3772 Guidouem,
1177 3689 1267 3759 diem
1284 3712 1347 3761 sta·

157 3816 291 3878 tuentes,
310 3821 375 3885 quo
395 3800 460 3887 ipse
479 3798 596 3867 Galeaz
611 3823 686 3867 cum
701 3802 831 3868 caeteris
846 3801 1001 3885 exulibus,
1018 3823 1050 3872 et
1071 3827 1146 3873 cum
1162 3807 1349 3879 amicorum

155 3909 302 3990 exfortio,
322 3914 451 3981 traiecto
467 3913 599 3981 flumine
614 3914 760 3996 Abduae,
774 3916 1025 3986 Ambrosianum
1042 3941 1157 4008 agrum
1173 3943 1351 4014 occupent,
1380 3943 1392 4003 5

158 4023 272 4092 deinde
304 4026 415 4094 urbem
448 4029 608 4097 accedant.
656 4054 779 4113 terum,
807 4051 879 4100 ante
911 4033 1005 4102 huius
1034 4037 1079 4103 rei
1106 4039 1349 4125 executionem,

157 4139 274 4221 Guido,
295 4140 325 4207 id
355 4144 502 4224 sentiens,
523 4144 700 4212 Castonem
724 4165 755 4213 et
776 4147 960 4217 infradictos
979 4149 1089 4219 fratres
1108 4154 1177 4221 eius
1203 4157 1291 4245 cepit
1300 4156 1350 4238 (ἆ),

210 4379 240 4430 (a)
253 4377 368 4422 Aletium
422 4377 830 4431 (blIlttomem.tttair.·lae.lb
889 4387 1090 4437 (elAa,Abubl
1138 4390 1353 4444 ldldaerrouco·

155 4457 311 4512 secumcoepit

160 4655 184 4706 ci
199 4672 267 4708 sono
280 4657 343 4719 dati,
359 4658 426 4711 sulla
443 4659 502 4714 sede
516 4678 572 4714 uon
588 4665 727 4733 sappiamo
746 4665 774 4719 di
786 4665 865 4736 quale
879 4667 1007 4734 cronista,
1018 4670 1061 4723 dal
1077 4683 1158 4726 conte
1173 4672 1208 4727 G.
1217 4673 1353 4748 Gtuutut,

160 4754 203 4806 op.
223 4739 275 4797 eit..
295 4754 368 4810 parte
387 4741 463 4807 l'lll,
482 4761 506 4813 p.
519 4744 575 4812 585.
