3142 5730
373 453 415 521 30
842 454 1088 512 HISTORIA

371 673 485 756 curari,
511 674 607 763 ipsius
634 675 772 764 partialis
799 675 894 744 studii
924 674 1050 745 lethifer
1072 675 1204 745 morbus
1228 678 1306 766 igne
1328 677 1537 767 inextinguib‘l

371 812 524 860 accensus
542 793 625 859 vires
643 794 789 883 sumpsit,
805 812 838 861 et
855 795 1019 884 utriusque
1035 792 1185 863 factionis
1201 794 1382 863 Mediolani
1400 796 1479 863 velut
1492 817 1537 862 no

371 926 485 973 vatum
507 905 644 994 partium
668 907 803 973 nomina
820 925 974 975 renovata
992 924 1076 976 sunt.
1122 928 1200 974 nam
1223 929 1308 996 quae
1328 907 1472 976 hactenus
1490 929 1535 975 no
1553 927 1565 974 2

371 1019 483 1087 bilium
506 1042 576 1108 pars
599 1021 766 1088 nominata
789 1037 847 1101 est,
878 1043 965 1088 nunc
988 1018 1148 1089 Gibellina
1177 1019 1329 1109 appellari
1358 1020 1467 1108 coepit,
1490 1017 1534 1086 rlir

370 1155 448 1201 vero
467 1133 625 1222 Guelpha‚
644 1157 725 1223 quae
743 1134 883 1224 primum
901 1157 972 1224 pars
996 1134 1115 1223 populi,
1134 1133 1251 1202 deinde
1271 1132 1430 1202 Turriana
1444 1132 1499 1201 fixit

436 1249 482 1316 Ea
507 1270 696 1339 tempestate
722 1252 861 1318 Matreus
886 1251 1090 1332 Vicecomes‚
1114 1251 1168 1340 qui
1203 1272 1264 1339 pro
1289 1267 1379 1339 parte
1404 1249 1531 1318 nobilium

371 1387 438 1433 non
457 1365 556 1434 modo
572 1366 758 1448 Mediolani,
774 1365 830 1434 sed
849 1367 946 1434 etiam
966 1368 999 1434 in
1015 1367 1025 1458 l
1041 1365 1198 1456 plerisque
1213 1366 1366 1456 Liguriae
1385 1364 1531 1434 civitatibus

369 1501 557 1572 regnaverat
580 1482 688 1550 multis
712 1484 814 1565 annis,
838 1482 941 1572 magis
960 1502 1093 1551 suorum
1111 1482 1241 1566 invidia,
1266 1504 1365 1572 quam
1384 1482 1530 1552 Tuniame
1559 1510 1568 1537 ¹r

369 1598 465 1685 partis
484 1597 603 1666 viribus
621 1598 742 1685 pulsus,
761 1621 835 1666 cum
854 1600 961 1687 paucis
980 1597 1166 1688 sequacibus
1185 1598 1336 1667 exulabat
1352 1598 1390 1665 ab
1408 1597 1477 1665 urbe
1483 1621 1492 1679 ;
1508 1613 1530 1662 et

369 1713 487 1780 favoris
510 1714 590 1781 olim
614 1713 723 1782 exibiti
746 1737 764 1781 a
790 1714 918 1783 fortuna
946 1738 1032 1782 nunc
1051 1730 1172 1782 mutata
1191 1736 1311 1802 poenas
1332 1713 1439 1781 dabat:
1460 1732 1529 1801 quae,

369 1831 524 1918 quoniam
542 1831 654 1919 stipata
676 1852 802 1919 semper
826 1832 900 1912 suis,
920 1854 1017 1920 quem
1037 1829 1118 1920 fugit
1140 1829 1247 1898 solum
1266 1829 1415 1919 relinquit
1432 1828 1528 1895 amicis

370 1944 420 2012 hic
441 1946 590 2028 Matteus,
611 1944 689 2012 dum
708 1943 784 2013 felix
802 1944 872 2027 fuit,
887 1968 921 2012 se
944 1945 1079 2013 nescivit
1098 1945 1215 2028 amari3
1238 1969 1327 2013 nunc
1345 1965 1467 2013 summo
1482 1940 1530 2010 cul·

370 2061 457 2128 mine
475 2061 591 2151 lapsus,
612 2061 722 2129 amicis
742 2062 928 2129 examinatis
946 2084 1048 2151 usque
1062 2061 1101 2129 ad
1115 2084 1228 2144 unum,
1247 2084 1345 2150 quem
1364 2062 1488 2151 legatum
1501 2054 1530 2123 ad

369 2198 479 2264 regem
499 2174 644 2257 destinet,
669 2174 830 2244 mendicat
849 2177 1001 2257 amicum,
1027 2177 1082 2265 qui
1105 2176 1211 2244 miseri
1235 2176 1338 2245 exulis
1358 2196 1473 2244 causam
1489 2195 1529 2240 ex·

369 2308 468 2380 ponat
490 2291 561 2374 sibi,
580 2309 611 2358 et
629 2293 661 2358 in
681 2290 808 2359 dulcem
827 2293 959 2380 patriam
978 2291 1115 2359 reditum
1134 2293 1292 2380 impetret.
1339 2314 1441 2382 neque
1461 2285 1530 2355 adid

369 2408 508 2477 Ubertus
523 2408 715 2476 Vicecomes
733 2407 830 2476 frater
847 2409 916 2476 eius
934 2409 1042 2476 induci
1060 2408 1173 2496 potuit,
1189 2410 1239 2476 cui
1258 2429 1379 2498 magna
1395 2429 1461 2498 pars
1475 2403 1530 2472 lacti

368 2522 497 2611 pendet.
543 2545 610 2590 non
630 2523 726 2612 aliqui
746 2548 785 2591 ex
800 2522 992 2612 primoribus
1007 2522 1138 2590 exulum
1156 2524 1211 2612 qui
1227 2524 1338 2591 omnia
1357 2521 1444 2589 domi
1458 2539 1530 2589 meva

368 2638 500 2727 impune
524 2633 680 2726 agebant,
694 2658 726 2707 et
749 2640 864 2707 iterum
887 2639 912 2705 si
936 2637 1177 2706 introducantur
1200 2639 1233 2706 in
1250 2638 1260 2729 ll
1279 2638 1392 2706 urbem
1424 2655 1531 2727 regnare
1548 2648 1571 2711 4·

368 2755 489 2824 volent.
527 2778 547 2822 o
566 2755 720 2846 superbae
734 2756 812 2822 olim
826 2755 921 2843 partis
938 2753 1046 2836 factio,
1061 2777 1159 2844 quam
1178 2754 1259 2823 bene
1283 2774 1389 2843 parata
1408 2776 1440 2822 cs
1460 2748 1532 2820 armis

1547 2073 1558 2138 w

366 2872 484 2962 patrios
512 2871 592 2939 lares
621 2873 792 2960 quaerere!
806 2871 841 2926 (⁸)
885 2871 967 2939 hanc
995 2870 1201 2959 legationem,
1231 2870 1353 2939 cunctis
1384 2866 1533 2959 optandam

367 2990 485 3058 suimet
504 2988 654 3072 desertor,
675 2988 805 3056 exulum
820 2989 955 3078 quisque
972 2987 1127 3077 repudiat,
1142 2989 1294 3076 quoniam
1308 2987 1348 3056 ad
1365 2984 1535 3056 exibendum

367 3129 484 3196 magna
503 3104 659 3194 stipendia
675 3103 781 3172 stolidi
801 3105 984 3172 communis
1002 3103 1177 3171 Mediolani
1192 3103 1250 3171 sibi
1274 3102 1416 3187 fisculus,
1428 3122 1462 3173 ut
1477 3121 1535 3169 con·

367 3241 523 3304 sueverat,
541 3245 608 3289 non
628 3240 695 3289 erat
713 3239 849 3309 apertus.
1554 3221 1568 3286 l

434 3336 507 3403 Erat
525 3355 613 3417 tunc,
628 3337 660 3402 in
681 3334 835 3416 civilibus,
852 3335 951 3402 lector
966 3334 1105 3416 Paduae,
1120 3337 1252 3423 inopem
1268 3335 1301 3401 in
1316 3335 1435 3402 scholis
1457 3334 1537 3401 vitan

367 3449 497 3532 ducens,
515 3451 699 3519 Franciscus
717 3451 755 3518 de
768 3449 971 3538 Garbagnate
983 3449 1029 3531 (¹),
1040 3449 1090 3516 vir
1104 3449 1251 3539 impiger,
1264 3468 1331 3517 tam
1346 3449 1449 3517 verbo
1459 3465 1538 3537 quam

420 3685 449 3739 (a)
460 3683 498 3727 Ab
508 3695 599 3740 querere

401 3885 444 3957 (r)
462 3885 614 3940 Francesco
633 3885 668 3938 da
687 3885 869 3957 Garbagnate‚
882 3899 937 3939 uno
982 3899 1108 3939 cronaca
1144 3882 1199 3938 Col
1210 3881 1290 3938 titolo
1303 3881 1545 3955 digiudiceilcu·

365 3970 438 4042 degli
456 3967 546 4023 ultimi
564 3968 705 4041 ghibellini
722 3968 834 4035 iuliani,
859 3985 874 4022 e
893 3967 937 4022 dei
982 3970 1098 4040 bagnate
1114 3967 1283 4039 comparisce
1298 3982 1379 4021 come
1397 3964 1545 4023 testimonio

365 4057 409 4127 piu
426 4054 497 4109 caldi
510 4053 609 4107 fautori
622 4052 693 4106 della
703 4065 818 4124 potenza
833 4053 938 4108 viscon·
981 4052 1103 4107 nell’atto
1110 4050 1180 4105 della
1187 4050 1359 4105 restitutione
1368 4049 1546 4105 feudaleseero

364 4150 417 4206 tea,
436 4157 516 4195 corne
534 4140 688 4214 professore
703 4139 730 4193 di
744 4138 835 4192 diritto
855 4137 935 4192 civile
980 4139 1009 4192 in
1027 4136 1132 4191 Milano
1151 4136 1264 4191 durante
1283 4135 1310 4189 la
1328 4130 1549 4207 permanenzrdl

364 4223 436 4278 nella
452 4224 607 4281 Universita
626 4225 652 4279 di
671 4223 783 4278 Padova
797 4239 854 4276 non
869 4224 885 4276 ὲ
900 4223 936 4276 ri·
980 4220 1080 4276 Enrico
1095 4220 1146 4274 VII
1162 4221 1190 4275 in
1205 4219 1295 4293 quella
1308 4219 1381 4274 cirta
1418 4219 1442 4273 Il
1461 4221 1521 4275 doc.
1537 4219 1550 4272 l

365 4307 477 4362 cordato
492 4310 525 4363 da
536 4308 634 4362 alcuno
647 4307 719 4379 degli
732 4306 834 4361 antichi
844 4307 935 4361 storici
981 4305 1024 4359 del
1041 4320 1055 4359 2
1069 4305 1186 4377 germaio
1203 4319 1277 4376 1311.
1307 4302 1349 4357 Cf.
1362 4303 1500 4374 Boumur,
1510 4319 1551 4373 op.

364 4391 391 4444 di
404 4391 496 4462 quello
512 4392 610 4458 studio,
625 4395 659 4445 ne
673 4390 717 4444 dal
727 4390 888 4456 Riccoboui,
901 4392 935 4443 ne
981 4389 1035 4454 cit,
1053 4390 1074 4457 1,
1089 4408 1113 4461 p.
1136 4404 1184 4444 112
1200 4404 1286 4459 esgg.
1322 4388 1353 4439 In
1367 4403 1430 4441 esso
1443 4387 1471 4440 fu
1486 4403 1554 4441 erro

364 4473 409 4526 dal
419 4473 572 4540 Tomasini,
584 4478 619 4530 ne
634 4475 680 4529 dal
697 4473 875 4546 Papadopoli‚
890 4490 936 4527 ma
980 4485 1126 4528 neamente
1146 4483 1296 4544 stampato:
1316 4489 1331 4520 r
1342 4469 1458 4525 domino
1476 4470 1555 4525 Fran·

364 4555 433 4610 sulla
448 4556 508 4612 fede
526 4558 570 4614 del
586 4559 750 4614 Cermcnate
768 4557 797 4613 lo
815 4557 937 4612 afferma·
983 4558 1082 4612 «cisco
1092 4557 1126 4611 de
1136 4557 1334 4621 Garbarnate»,
1346 4555 1381 4607 ne
1397 4553 1419 4608 si
1434 4558 1493 4626 pub
1507 4554 1555 4608 du·

364 4657 433 4695 tono
443 4641 481 4712 gli
496 4642 589 4698 storici
601 4643 629 4697 di
647 4643 760 4709 Milano‚
769 4642 821 4697 che
836 4641 936 4696 conob
980 4641 1066 4697 bitare
1080 4656 1137 4696 uon
1152 4640 1176 4695 si
1189 4641 1263 4697 tratti
1274 4641 1303 4696 di
1317 4638 1365 4694 lui.

363 4725 429 4777 bero
456 4724 475 4778 il
505 4737 576 4780 testo
603 4726 710 4797 integro
738 4725 811 4782 della
842 4737 936 4781 nostra
