3142 5730
67 341 111 407 44
539 332 786 389 utsuonua

1 591 2 596 κ
65 557 137 646 plus
155 557 307 625 servitute
325 571 476 638 mortem,
498 576 567 623 non
590 553 690 621 modo
707 575 801 621 suam
821 553 1043 620 verumetiam
1059 571 1193 621 cunctorum

67 673 185 740 civium
204 671 382 740 libertatem
399 690 535 761 ponunt.
584 670 649 739 heu
666 693 766 758 quam
788 690 889 759 parvo
916 668 1086 736 discrimine
1101 666 1194 756 perditur

66 788 155 878 quod
168 787 258 856 nullo
277 787 379 876 pretio
394 787 459 854 emi
472 803 589 876 potest,
603 785 754 876 qnodque
769 785 844 852 viris
863 784 965 852 carius
981 803 1026 851 est
1038 783 1114 850 omni
1125 780 1194 873 tirell

1 953 3 957 ι
66 904 171 993 itaque
186 922 253 970 tam
269 904 406 992 pretiosa
423 925 484 983 res,
502 901 640 984 libertas,
663 921 694 970 et
711 901 852 990 perditae
870 901 959 990 leges
980 901 1080 991 populi
1098 899 1193 967 animun
1212 948 1215 960 .

65 1040 133 1086 non
157 1040 300 1100 movere,
322 1040 426 1107 neque
454 1017 547 1085 ullius
570 1018 751 1086 certaminis
775 1037 829 1085 aut
852 1016 1007 1085 tumultus
1038 1040 1117 1084 causa
1133 1015 1192 1095 iuer,

65 1157 178 1202 verum
201 1134 353 1201 vilissima
371 1156 432 1216 res,
450 1133 594 1222 pecunia,
613 1155 777 1201 murmure
796 1133 913 1222 primo,
932 1132 1097 1201 tumultum
1111 1131 1193 1198 etirtn

62 1251 173 1341 populi
196 1253 360 1333 suscitans,
383 1272 521 1340 magnae
544 1248 708 1319 seditionis
731 1272 769 1318 ac
791 1251 859 1340 regi
883 1273 1021 1339 magnae
1040 1248 1121 1317 cladis
1138 1268 1193 1315 cant

63 1365 124 1434 fuit
133 1366 179 1435 (¹).

128 1482 203 1549 XX.
241 1482 303 1548 Hic
322 1483 442 1548 etenim
460 1504 515 1548 rex
534 1500 653 1562 noster,
673 1502 748 1548 vere
759 1479 793 1534 (⁸)
813 1481 1039 1569 magnanimus
1056 1500 1085 1548 et
1097 1478 1195 1548 omniun

61 1599 216 1665 virtutum
235 1597 409 1679 dives,etat
426 1598 561 1686 pecunia
581 1616 613 1665 et
631 1620 707 1665 auro
722 1597 858 1665 nimium
874 1619 1004 1686 pauper,
1020 1595 1077 1688 [et]
1090 1594 1151 1664 nihil
1161 1593 1196 1660 niti

61 1713 175 1781 Italicis
194 1710 348 1780 adiunctis
367 1713 481 1802 opibus
499 1713 653 1802 propositi
668 1735 762 1801 agere
780 1713 917 1780 omnino
937 1712 1064 1781 volebat
1080 1712 1118 1777 (l).
1152 1731 1197 1776 ren

61 1829 181 1896 vocatis
192 1830 297 1917 itaque
309 1829 471 1917 utriusque
487 1827 633 1896 factionis
652 1826 826 1896 Mediolani
845 1828 1038 1917 primoribus
1052 1848 1082 1896 et
1092 1821 1199 1914 magrnti

60 1943 130 2025 bus,
148 1943 372 2033 propositaque
391 1943 436 2011 eis
455 1943 642 2011 necessitate
658 1943 751 2032 regis,
771 1942 933 2010 subveniri
945 1943 1025 2026 sibi,
1039 1966 1101 2011 non
1113 1941 1223 2010 unisutl

59 2079 187 2149 sponte,
208 2061 342 2147 petitum
366 2078 423 2127 est.
470 2081 584 2126 verum
608 2079 681 2126 ante
704 2060 915 2147 praesentiam
934 2060 1082 2127 omniurn
1098 2058 1125 2113 l‘l
1141 2056 1202 2122 intet-

61 2199 167 2243 cessor
189 2176 272 2264 tegis
295 2192 370 2256 erat,
390 2197 487 2263 penes
511 2198 545 2242 se
564 2175 752 2262 scriptorem
774 2193 898 2256 tenens,
919 2176 970 2242 cui
998 2194 1116 2256 «nota,
1130 2167 1204 2259 inquit
1246 2192 1249 2269 ξ

60 2290 136 2380 quid
159 2308 265 2358 tantae
284 2289 368 2357 urbis
388 2291 472 2358 cives
491 2289 603 2357 offerre
621 2289 657 2345 (ἃ)
676 2290 790 2358 volunt
807 2291 873 2378 regi
884 2315 915 2357 u.

125 2407 217 2474 XXI.
265 2407 361 2474 Tunc
380 2406 415 2461 (θ)
434 2406 486 2474 ubi
502 2407 627 2495 sapiens
654 2425 687 2474 et
710 2406 833 2474 salubre
850 2407 1023 2476 consilium
1043 2426 1140 2477 nostra
1150 2421 1207 2494 prae

59 2542 132 2587 sens
151 2518 291 2587 conditio
311 2519 501 2608 postulabat,
516 2520 622 2589 stolidi
641 2521 725 2589 cives
744 2522 845 2590 nostri
860 2543 921 2590 suo
937 2544 1041 2605 more,
1055 2522 1103 2590 alii
1115 2516 1207 2611 proprio

58 2635 171 2704 intenti
195 2634 382 2718 commodo,
406 2636 456 2703 alii
490 2636 659 2718 iracundia,
684 2637 765 2705 forte
789 2637 839 2705 vel
862 2637 939 2706 odio
968 2641 1059 2722 moti,
1082 2638 1210 2707 utilitatem

58 2750 245 2839 reipublicae
264 2774 391 2840 prorsus
410 2752 499 2820 obliti
517 2753 636 2834 sunt,ii
655 2752 773 2820 scilicet
790 2753 856 2842 qui,
870 2775 944 2842 prae
968 2755 1097 2822 caeteris
1114 2749 1210 2826 deibus,

59 2866 190 2934 honoris
220 2886 251 2933 et
278 2866 442 2935 commodi
470 2868 608 2936 multum
638 2885 842 2958 perceperant
871 2870 904 2937 in
935 2869 1013 2939 urbe
1032 2893 1097 2939 sua
1138 2870 1237 2953 inques

58 3004 139 3069 quae
162 2983 232 3049 usui
256 3005 324 3050 esse
348 2981 515 3064 debebant,
543 2984 661 3051 civium
685 2983 865 3052 detrimenti
887 3003 920 3053 et
946 2986 1127 3055 communis
1147 2977 1214 3052 cladis

58 3122 151 3166 causa
169 3098 267 3166 luere.
313 3122 389 3166 narn
406 3097 454 3164 his
477 3099 668 3187 primoribus
692 3100 776 3167 urbis
796 3119 934 3183 nostrae,
950 3102 1076 3190 quibus,
1095 3099 1172 3192 qnod
1185 3095 1215 3161 dl·

59 3235 161 3302 gnum
186 3213 272 3281 dono
295 3214 377 3302 regis
400 3212 492 3297 foret,
515 3212 647 3281 facultas
671 3213 743 3282 data
766 3233 831 3284 erat
854 3215 969 3299 dicere,
987 3219 1021 3285 in
1045 3241 1153 3298 unum,
1169 3228 1218 3280 ante

61 3413 159 3460 cavetur,
169 3407 231 3463 qnod
244 3407 286 3451 iste
299 3406 408 3451 Nicoluus
423 3406 489 3450 nullis
504 3406 587 3451 nostris
601 3407 687 3464 legibus
701 3415 809 3464 teneatur,
822 3409 884 3467 quod
893 3409 945 3454 ticet
956 3410 1083 3466 perdendae
1092 3399 1223 3456 libentissi

61 3487 117 3531 tium
126 3485 193 3542 foret,
207 3486 277 3530 nihilo
290 3495 364 3532 tumen
382 3485 469 3531 animos
479 3487 588 3544 percussit
601 3487 677 3544 populi
693 3494 732 3532 aut
746 3487 814 3532 ullius
823 3489 933 3533 tumultus
946 3502 1015 3534 causa
1026 3491 1075 3537 tuit„
1098 3502 1170 3537 vetum
1184 3482 1228 3531 till·

60 3565 115 3610 sima
170 3566 200 3620 (a)
216 3565 242 3610 Iu
257 3565 297 3610 Bb
311 3578 393 3610 manca
408 3579 458 3610 vere
517 3568 547 3622 (b)
564 3566 602 3610 Bb
617 3566 670 3611 nihil
690 3566 732 3611 nisi
748 3567 983 3615 italicisadiutus....
1000 3571 1088 3616 valebat
1152 3566 1233 3626 (clanie

59 3657 98 3688 ora
109 3643 209 3688 omniunt
250 3645 281 3700 (dt
296 3646 337 3690 Aa
351 3644 436 3690 deferre
491 3646 520 3701 (e)
537 3646 556 3689 11
568 3658 620 3702 cap.
637 3645 693 3690 XXI
706 3646 731 3691 t'n
745 3646 765 3689 B
777 3647 873 3704 s't'm'pr'a
887 3648 953 3693 coel:
967 3648 1018 3695 Hoc
1031 3651 1091 3705 loeo,
1106 3660 1130 3695 ut
1143 3641 1243 3708 mtiqnss⁵

59 3724 122 3768 nobis
135 3735 185 3766 tuos
198 3730 239 3778 est,
254 3737 294 3768 nec
308 3725 420 3781 sapienter
434 3725 567 3782 promissum
582 3734 616 3770 est
629 3725 683 3782 regi,
696 3739 723 3770 ex
738 3738 782 3783 qun
796 3727 945 3784 promissione
959 3741 1001 3774 nec
1019 3730 1082 3774 urbis
1096 3739 1191 3782 nostrae,
1203 3716 1249 3772 nec

59 3802 116 3860 regie
132 3801 239 3858 conditio,
256 3810 282 3846 ut
296 3802 349 3846 mihi
366 3803 464 3860 videtur,
478 3805 596 3850 salubriter
613 3812 707 3850 tractata
730 3812 771 3860 eet,
786 3813 858 3862 spreta
876 3806 977 3863 undique
998 3808 1122 3865 honestate,
1140 3809 1185 3854 siue
1202 3800 1249 3866 q&

60 3895 170 3942 nusquam
184 3883 226 3928 erit
241 3884 325 3929 utilitas
338 3897 411 3942 neque
425 3885 493 3929 salus.
521 3896 572 3928 narn
586 3884 622 3928 ubi
637 3884 703 3929 huius
716 3885 787 3941 gratia
801 3885 832 3930 rei
841 3885 967 3944 principum
982 3889 1044 3933 urbis
1058 3889 1181 3935 concilium
1192 3893 1248 3935 cor,

59 3971 174 4021 gurgetum
188 3971 230 4018 est,
240 3963 326 4020 quibus,
336 3961 390 4020 quid
404 3963 497 4020 dignum
507 3964 565 4008 dono
574 3963 633 4020 regis
646 3963 711 4019 foret,
726 3963 800 4009 dicere
813 3964 908 4010 facultas
922 3965 972 4010 data
986 3976 1028 4023 est,
1038 3978 1161 4025 praesente
1173 3967 1249 4014 tumel

59 4057 85 4087 ae
99 4043 221 4088 sollcitunte
236 4043 298 4100 regio
309 4043 400 4098 nuncio,
415 4044 480 4087 cuius
493 4044 640 4099 praesentiam
656 4045 716 4089 velut
730 4045 851 4101 degeneres
864 4044 944 4090 lortius
953 4059 1025 4104 aequo
1039 4049 1128 4103 timent,
1138 4050 1195 4094 inter
1208 4050 1249 4092 eo!

59 4124 97 4169 dlu
108 4125 219 4169 silentium
230 4124 280 4169 luit.
308 4124 397 4168 tandem
407 4136 459 4168 cum
473 4131 629 4180 expectaretur
643 4123 709 4169 huius
719 4125 839 4181 promissor
850 4126 956 4178 muneris,
966 4127 1029 4172 nullo
1044 4128 1099 4185 quid
1110 4129 1249 4174 offerendum

59 4204 87 4248 sit
97 4203 226 4259 nunciante,
236 4203 332 4248 nobilem
347 4211 368 4247 et
378 4204 496 4248 honestum
511 4204 583 4247 civem
598 4203 743 4248 Gnillelntum
756 4203 784 4247 de
798 4205 896 4248 Pusterla
910 4205 968 4249 inter
981 4213 1082 4252 caeteros
1095 4207 1171 4253 minus
1180 4209 1244 4253 ambi·

58 4287 119 4329 tione
132 4292 261 4342 suspectum
270 4291 379 4342 spectant,
388 4292 456 4341 atque
468 4283 522 4341 quid
535 4296 601 4339 super
611 4283 653 4329 hoc
664 4283 755 4340 dignum
766 4284 794 4328 sit
804 4283 888 4329 dictum
898 4285 1004 4333 excitent.
1033 4301 1132 4345 cumque
1139 4291 1190 4335 inde
1199 4302 1222 4334 se

94 4447 136 4514 (t)
152 4445 230 4500 Delie
246 4445 368 4499 violenze
383 4446 410 4499 di
425 4445 541 4499 Niccolo
561 4445 630 4499 Bon·
674 4444 742 4498 altra
756 4446 963 4500 testimonianza
979 4449 1132 4506 all'infuori
1145 4453 1172 4506 di
1187 4469 1246 4524 que·

58 4528 160 4597 signori
182 4545 260 4583 uerso
280 4530 391 4600 Pagano
413 4529 484 4583 della
503 4529 591 4583 Torre
613 4545 629 4583 e
673 4543 715 4584 sto
729 4530 813 4602 luogo
823 4532 866 4586 del
878 4532 910 4586 C.
941 4532 984 4586 Cf.
1001 4533 1128 4602 eruerer,
1139 4555 1184 4608 op.
1194 4538 1245 4603 cit,

58 4611 170 4668 Stel'atto
188 4613 215 4667 di
233 4614 424 4669 vicomercato
445 4631 500 4668 non
525 4615 628 4668 rimane
672 4614 820 4686 V111,607.
