3142 5730
214 486 276 569 136
680 499 927 556 ursroura

210 719 448 790 contributione
466 721 612 810 promissi
631 722 700 792 auri
715 722 859 791 Hemioo
881 721 973 805 facta,
992 740 1133 792 vacuato
1151 723 1289 792 nimium
1304 721 1387 808 fisco;

209 857 365 924 magnam
378 837 498 906 etenim
511 838 661 919 Matteus,
674 855 711 907 ut
729 836 838 922 fertur,
849 836 980 907 dederat
994 838 1054 907 sibi
1065 840 1225 928 pecuniae
1243 861 1385 911 summan

210 968 243 1019 et
265 951 399 1020 nimiam
417 949 560 1021 conferre
578 953 778 1042 promiserat,
795 976 870 1021 cum
892 953 982 1023 iuxta
997 954 1142 1023 Brixiam
1162 953 1297 1024 eundem
1313 954 1383 1025 Mat·

211 1084 311 1146 teum,
335 1065 501 1137 Turrianis
520 1066 552 1134 id
570 1085 647 1137 tunc
660 1068 901 1158 requirentibus,
920 1068 1101 1158 praeferens
1120 1069 1182 1137 sibi
1201 1069 1325 1138 contulit
1338 1093 1376 1138 te

211 1180 323 1269 gimen
346 1180 532 1250 Mediolani.
576 1183 684 1272 itaque
707 1183 815 1252 exules
839 1183 1014 1255 Mediolani
1036 1207 1103 1252 una
1121 1207 1197 1252 cum
1213 1181 1403 1259 Thomadtt

212 1298 371 1367 Martiano
395 1299 513 1369 comite
532 1298 573 1368 de
591 1299 746 1389 Squilatio
770 1303 803 1371 in
825 1300 964 1390 partibus
986 1301 1054 1369 istis
1076 1293 1291 1371 mareschalco
1308 1301 1370 1390 regis

212 1412 353 1497 Roberti‚
372 1414 489 1483 vadato
508 1415 669 1484 Ticiuello
687 1415 773 1484 haud
792 1415 888 1507 longe
907 1416 1011 1485 aloco
1030 1417 1175 1500 Gazano,
1194 1417 1267 1485 fusis
1283 1439 1314 1485 ac
1325 1435 1368 1505 pro

213 1549 331 1616 magua
343 1547 432 1618 parte
446 1530 544 1619 captis
560 1530 735 1620 agrestibus
754 1532 856 1621 Seprii
873 1555 911 1600 ac
925 1533 1160 1615 Marthesanae,
1173 1532 1281 1621 quibus
1293 1532 1365 1621 ipsius

212 1664 313 1732 aquae
342 1646 492 1713 transitus
515 1646 659 1717 custodia
688 1648 859 1715 commissa
889 1665 964 1730 erat,
989 1646 1259 1718 Mediolanensem
1280 1667 1364 1736 agneo

213 1758 368 1828 hostiliter
385 1781 591 1850 occuparunt.
611 1763 627 1798 *
650 1781 740 1830 eraut
757 1764 790 1856 in
808 1762 1012 1851 Marthesaua
1026 1764 1042 1799 *¹
1055 1762 1089 1818 (¹)
1100 1763 1111 1854 l
1124 1786 1204 1852 quae
1222 1762 1300 1832 tertia
1313 1782 1363 1848 pars
1380 1771 1403 1819 ²

213 1875 462 1946 Mediolanensis
476 1880 542 1966 agri
559 1897 606 1947 est
621 1878 667 1961 (¹³,
681 1879 917 1947 adversantium
932 1879 971 1945 ab
988 1880 1120 1969 antiquo
1136 1881 1266 1969 partium
1278 1875 1361 1956 studit,

212 2013 293 2080 quae
317 1991 398 2060 olim
422 1993 453 2060 in
477 1991 580 2082 burgo
599 1995 824 2062 Vicomercato
847 1993 983 2063 duarum
1005 1995 1148 2063 invicem
1166 1991 1361 2063 adversantium

213 2109 433 2196 agnationum,
453 2109 657 2178 Rusticorum
675 2109 794 2179 scilicet
813 2128 846 2178 et
864 2110 1074 2192 Melosorum,
1098 2109 1252 2179 discordia
1267 2107 1361 2177 initium

212 2243 401 2293 sumserant
447 2243 478 2292 et
500 2224 573 2294 licet
591 2227 753 2315 utriusque
775 2226 841 2296 fere
865 2227 1043 2316 agnationis
1067 2227 1165 2295 virilis
1183 2248 1272 2296 sexus
1287 2243 1361 2313 genus

212 2339 293 2408 foret
308 2341 493 2430 antiquitate
515 2362 755 2431 consumptum,
774 2343 870 2411 unico
889 2342 929 2412 de
948 2341 1047 2411 domo
1067 2343 1267 2413 Rusticorum
1282 2357 1361 2426 supet·
1379 2340 1403 2407 ²}

212 2457 296 2539 stite,
320 2480 418 2545 quem
436 2476 545 2526 tamen
563 2458 695 2526 nomine
714 2457 896 2548 Philippum
918 2460 1024 2528 cuncti
1053 2482 1131 2528 suae
1149 2458 1288 2527 factionis
1302 2453 1362 2521 cole

214 2570 289 2639 bant
311 2590 347 2639 ut
377 2571 548 2640 dominum
580 2572 767 2642 naturalem.
827 2575 861 2642 in
898 2574 1028 2642 Melosis
1058 2593 1178 2656 autem,
1212 2573 1265 2662 qui
1288 2569 1362 2659 plures

214 2704 311 2768 erant,
331 2709 429 2754 nemo
453 2709 510 2776 pro
539 2688 606 2756 aliis
631 2690 777 2777 cognitae
800 2690 1005 2771 auctoritatis,
1038 2709 1073 2758 ut
1095 2690 1197 2759 taliter
1226 2689 1362 2757 honoratus

213 2797 296 2889 apud
315 2823 390 2868 suos
414 2821 489 2870 erat
536 2803 629 2871 huius
661 2804 803 2872 Melosae
833 2803 989 2888 factionis,
1012 2828 1094 2894 quae
1124 2828 1249 2896 semper
1269 2799 1362 2870 inimica

213 2917 379 2986 Turrianis
401 2918 512 3001 fuerat,
537 2920 654 2988 nobilis
677 2942 714 2989 ac
746 2920 834 2987 domi
863 2920 952 2988 dives
976 2922 1199 2990 Marthesanus
1229 2918 1320 2988 Obiro
1336 2910 1362 2976 dt
1379 2911 1403 2982 3⁰

215 3032 419 3121 Bemardigio
450 3053 525 3101 tunc
558 3058 631 3102 cum
656 3035 821 3103 Turrianis
850 3035 981 3103 exulans
1004 3037 1126 3105 amicus
1157 3058 1192 3104 ac
1214 3032 1361 3125 praecipuus

213 3149 317 3217 fautor
340 3173 375 3218 ac
405 3149 554 3219 defensor
577 3153 732 3233 extiterat,
755 3151 959 3241 regnantibus
983 3153 1162 3235 Turrianis,
1189 3145 1361 3220 nuncetiam

213 3264 313 3332 domo
332 3266 438 3355 patriis
462 3267 554 3334 bonis
573 3289 681 3335 secum
701 3266 820 3355 pulsus,
843 3267 918 3355 ipsis
938 3268 1033 3334 etiam
1053 3268 1171 3350 invitis,
1194 3287 1270 3355 quos
1283 3276 1362 3346 sequt

214 3381 303 3449 batur
315 3402 349 3450 ut
361 3381 467 3462 duces,
488 3382 640 3450 cursitans
656 3381 795 3470 undique
814 3405 870 3470 per
888 3381 1062 3450 exercitum
1080 3402 1292 3470 quoscumque
1310 3387 1362 3440 suut

265 3604 299 3658 (u)
313 3603 344 3648 Le
357 3603 400 3647 due
415 3604 497 3648 locutae
512 3603 535 3646 si
547 3603 694 3648 riacontrano
708 3601 853 3658 trelsromm.
869 3602 908 3645 del
921 3615 961 3647 mr.
976 3601 1002 3644 B.

212 3816 280 3858 tutta
302 3802 328 3856 la
353 3803 516 3858 lombardia
529 3804 617 3857 eransi
641 3804 706 3858 fatte
726 3808 782 3857 cosl
831 3826 844 3853 «
856 3803 1045 3857 siderarsinon
1057 3793 1382 3873 piucomeanticarneffib

212 3891 287 3959 gravi
307 3888 357 3941 che
372 3888 392 3941 il
408 3901 488 3942 conte
504 3889 531 3941 di
547 3889 696 3959 Homberg,
710 3889 783 3943 nella
830 3888 940 3941 «divisa
959 3890 985 3941 in
1005 3888 1071 3941 tanti
1091 3887 1209 3952 contadi,
1231 3903 1274 3940 ma
1291 3885 1321 3938 in
1346 3857 1389 3918 θὼς

211 3971 401 4044 impossibilita
420 3972 447 4026 di
465 3989 566 4043 pagare
588 3973 608 4026 il
630 3973 710 4026 soldo
730 3973 782 4027 alle
829 3987 893 4028 «tre
910 3973 987 4044 parti,
1000 3972 1021 4026 il
1035 3971 1167 4026 Milauese
1186 3973 1301 4043 proprio,
1318 3942 1397 4017 3¹5*

212 4075 260 4113 sue
287 4069 391 4129 truppe,
410 4057 433 4110 si
461 4074 506 4111 era
537 4057 639 4112 ritirato
664 4059 692 4112 in
717 4057 782 4112 Ger·
829 4058 922 4129 «prin,
941 4075 955 4112 e
973 4057 1174 4121 laMartesana,
1200 4071 1278 4110 comt
1295 4031 1403 4162 alli}

213 4143 311 4196 urania.
364 4141 405 4196 cf.
435 4142 464 4196 B.
498 4141 636 4208 Montani,
663 4142 696 4208 II,
726 4158 782 4207 xrr,
829 4155 963 4196 «sente».
1000 4136 1368 4209 (ΣοεὶῐΙ(Ξ1ι111111,ορ.σ1

216 4245 289 4298 1109.
829 4245 858 4295 51
877 4244 892 4281 e
908 4244 965 4299 sgg.
1002 4227 1113 4279 intorno
1133 4199 1403 4326 all'Agromilbssg

247 4315 289 4384 (1)
307 4314 400 4368 «Dice
416 4313 523 4383 dunque
539 4313 557 4366 il
573 4326 665 4367 nostro
683 4313 715 4367 C.
732 4313 782 4366 che
828 4312 906 4367 ealla
919 4330 967 4367 sua
980 4312 1063 4366 storia
1074 4310 1106 4365 cf.
1120 4311 1252 4364 l'articolo
1264 4310 1289 4362 di
1299 4308 1329 4362 G
1344 4324 1379 4347 κ

213 4419 225 4447 «
238 4399 264 4450 la
274 4399 426 4451 Martesana
442 4414 487 4450 era
500 4395 526 4450 la
539 4410 611 4450 terza
625 4409 700 4469 parte
713 4396 782 4450 della
829 4412 906 4464 snut,
925 4397 1028 4467 L'Agro
1053 4397 1166 4449 miluncsa
1192 4393 1290 4449 saroam
1309 4372 1403 4445 ld⁵

213 4504 226 4529 a
238 4500 389 4552 catnpagna
404 4483 430 4534 di
445 4481 563 4535 Milano:
584 4487 599 4512 “
610 4482 782 4535 Marthesana
828 4484 958 4536 attentione
967 4481 1026 4536 nella
1035 4481 1106 4534 varic
1119 4480 1206 4551 epoche
1218 4477 1319 4533 storiclra
1358 4445 1403 4514 (ί

212 4583 306 4637 aquae
325 4568 403 4620 tertia
422 4583 482 4638 pars
497 4566 709 4620 Mediolanensis
725 4565 783 4635 agri
828 4565 919 4621 tavola
940 4565 1075 4636 separata)
1093 4565 1121 4616 in
1141 4564 1257 4618 Raccolla
1284 4543 1403 4614 MW⁶

213 4671 226 4698 κ
238 4662 277 4702 est
288 4652 313 4705 ‘’.
349 4651 392 4704 Da
402 4663 495 4721 queste
509 4650 602 4722 parole
613 4651 639 4705 io
654 4649 782 4720 raccolgo
828 4650 853 4702 di
868 4651 955 4716 storia,
970 4647 1135 4720 gaogrufiaad
1154 4654 1216 4713 ortt,
1232 4644 1388 4699 Milanou

212 4753 224 4780 «
237 4734 288 4787 che
298 4734 323 4787 la
334 4750 484 4806 campagna
495 4734 635 4799 milancse,
646 4737 688 4788 ne'
700 4736 782 4805 tempi
828 4733 936 4786 cembre
956 4732 1030 4801 1887.

212 4838 224 4865 «
237 4818 264 4870 di
279 4819 323 4871 cui
338 4819 485 4882 trattiamo,
501 4818 672 4872 cominciava
689 4834 703 4870 a
720 4834 782 4871 con-
