3142 5730
493 481 519 533 l.
547 480 605 533 DE
634 479 948 534 CERMENATE.
1256 485 1313 552 115

167 699 283 769 orentia
314 719 381 766 arv.
405 698 484 774 mill.
508 721 660 788 passuum
683 700 807 789 spati03
825 699 914 788 quod
937 699 991 768 ubi
1013 723 1141 769 sensere
1165 701 1316 791 Guelphi,

167 838 258 885 otum
280 837 376 903 supra
398 812 482 882 lacta
504 834 552 883 est
575 816 710 896 mentio,
729 815 814 883 illico
834 815 874 882 ad
896 835 1000 905 partes
1019 816 1120 886 Collis
1139 835 1170 885 et
1191 819 1225 886 S.
1248 819 1314 886 Ge·

167 932 253 1000 atiani
287 955 364 1000 cum
394 933 533 998 exercitu
569 932 661 1001 celeri
683 954 794 1019 gressu
818 931 965 1015 tendunt,
988 955 1070 1021 quae
1104 931 1169 1002 duo
1193 933 1311 1024 oppida

167 1070 204 1119 et
229 1048 346 1117 Casole
368 1066 401 1116 et
426 1049 605 1116 exercitum
627 1049 825 1137 imperatoris
848 1046 913 1116 fere
937 1048 1045 1117 medio
1069 1051 1182 1118 itinere
1198 1050 1232 1104 (⁸)
1255 1051 1314 1119 sita

167 1181 206 1248 ut,
235 1187 277 1233 ne
305 1165 497 1234 Casolenses
513 1163 547 1220 (Β)
564 1188 639 1233 cum
673 1163 860 1232 victualibus
888 1164 928 1233 ad
959 1167 1135 1234 exercitum
1158 1165 1231 1235 inde
1255 1168 1315 1234 iter

167 1281 235 1351 iant
254 1279 398 1349 inhibere
420 1281 577 1364 volentes,
600 1279 707 1370 ibique
748 1280 965 1348 mareschalco
1000 1301 1032 1350 et
1061 1283 1172 1350 comiti
1197 1280 1313 1351 Frede-

167 1419 198 1481 o,
219 1398 337 1487 quique
363 1420 438 1464 cum
462 1397 507 1464 eis
527 1397 644 1465 Casole
663 1396 818 1487 oppidum
834 1416 993 1486 ceperant,
1011 1421 1053 1466 ne
1077 1398 1117 1467 ad
1136 1398 1312 1467 exercitum

167 1511 257 1596 leant,
280 1512 427 1581 obsidere
449 1514 508 1582 iter
537 1512 680 1581 credunt.
727 1531 759 1580 at
789 1513 845 1594 illi,
863 1531 961 1581 tracta
990 1514 1030 1582 ad
1052 1513 1178 1583 libitum
1203 1515 1312 1584 Casoli

167 1647 221 1709 rra,
237 1623 334 1694 dandi
353 1624 501 1693 ordinem
515 1623 608 1693 rebus
631 1647 736 1707 causa,
760 1649 834 1692 cum
849 1625 926 1693 solis
945 1626 1103 1715 equitibus
1118 1647 1220 1710 .ucc.,
1237 1651 1311 1696 cum

167 1739 230 1810 ibus
252 1759 418 1822 venerant,
439 1739 608 1808 redeuntes
627 1741 772 1828 equitant
790 1763 855 1830 quo
874 1741 983 1810 hostes
1005 1744 1132 1810 venisse
1150 1741 1209 1809 sibi
1229 1766 1310 1811 nun·

167 1871 235 1925 aaut
257 1872 315 1922 eet.
360 1876 428 1921 non
459 1855 602 1921 contenti
631 1875 690 1943 pro
720 1854 829 1921 castris
852 1875 921 1922 sese
952 1855 985 1922 in
1010 1856 1112 1923 aciem
1141 1855 1309 1945 explicare,

167 1946 206 2037 ὦ
217 1970 318 2037 immo
340 1969 440 2037 etiam
461 1968 555 2037 illatis
569 1969 670 2057 signis
689 1967 898 2058 procedentes
918 1967 957 2036 ad
980 1988 1088 2059 portas
1109 1969 1210 2040 Collis
1230 1971 1311 2039 mul-

167 2084 284 2152 udinem
307 2085 463 2166 hostium,
481 2083 629 2152 obsessae
644 2087 749 2173 gentis
768 2107 872 2167 more,
892 2087 973 2152 intra
988 2108 1099 2153 muros
1118 2085 1259 2154 clausam
1275 2086 1308 2142 (ι)

167 2201 319 2290 lpugnam
341 2200 457 2269 frustra
479 2219 608 2269 vocant.
654 2200 787 2268 tandem
811 2199 901 2270 fessis
925 2219 1021 2269 cantu
1044 2202 1128 2269 tubis
1152 2202 1309 2293 nullisque

167 2318 256 2385 stium
277 2317 525 2406 egredientibus,
553 2316 593 2384 ad
617 2318 795 2386 exercitum
818 2341 922 2407 aequo
940 2340 1035 2407 passu
1058 2318 1205 2388 tendunt.
1250 2342 1309 2409 po·

167 2454 206 2500 tro
219 2431 265 2500 die
284 2432 436 2501 odiosum
454 2434 557 2501 nimia
570 2456 662 2500 mora
683 2457 837 2524 campum
854 2434 981 2524 linquit,
1001 2433 1041 2502 ad
1060 2435 1200 2526 burgum
1216 2436 1308 2506 Podii

167 2547 225 2615 uin
245 2545 378 2616 festinus
400 2547 537 2616 tendens
551 2549 596 2616 (¹).

191 2664 248 2733 lv.
291 2667 401 2734 Locus
424 2685 533 2733 autem
547 2666 611 2749 ille,
627 2666 705 2734 dum
729 2667 761 2735 in
786 2667 876 2736 Italia
899 2668 1024 2757 imperii
1042 2668 1166 2737 celebre
1185 2692 1308 2740 nomen

167 2778 336 2870 'adumque
353 2783 387 2850 in
406 2782 529 2850 Tuscia
541 2782 641 2850 valuit
653 2781 750 2851 factio
766 2783 934 2865 Gibellina,
949 2783 1109 2854 nobilium
1124 2787 1302 2858 incolarum

167 2913 258 2985 aqueas
277 2916 357 2965 erat.
401 2920 516 2966 verum
538 2899 681 2987 aequatis
704 2897 829 2966 dudum
844 2900 917 2965 solo
933 2899 1116 2984 moenibus,
1134 2926 1221 2971 nunc
1236 2903 1307 2972 sola

167 3027 214 3078 aaa
230 3012 462 3082 transeuntibus
484 3036 581 3104 napos
602 3032 692 3097 nota,
707 3037 817 3102 quam,
843 3017 901 3083 etsi
920 3017 1025 3084 tenaci
1039 3016 1153 3086 fronde
1176 3037 1306 3101 tectam,

167 3124 220 3194 'ator
236 3151 327 3220 saepe
349 3129 464 3220 digito,
492 3147 529 3197 ut
559 3131 691 3218 signum
720 3131 870 3218 antiquae
892 3131 983 3212 arcis,
1015 3152 1182 3201 monstrat.
1228 3157 1305 3203 nam

167 3258 243 3311 laute
257 3245 406 3335 imperio,
423 3244 514 3334 quod
531 3268 627 3334 saepe
644 3244 760 3313 accidit
776 3245 878 3335 longo
896 3248 1051 3334 temporis
1068 3248 1249 3332 intervallo,
1264 3273 1304 3317 ex

167 3373 191 3420 ¹⁰
206 3356 235 3426 iu
252 3382 428 3450 pauperem
456 3360 668 3428 Germaniam
690 3359 822 3448 Imperii
844 3361 894 3428 ius
920 3361 1060 3442 recessit,
1082 3359 1162 3429 dum
1185 3361 1306 3432 electus

167 3463 311 3559 latorum,
329 3478 488 3566 imperare
506 3475 633 3544 mundo
651 3478 810 3556 nesciens,
821 3475 835 3564 Ι
848 3475 889 3544 ad
908 3476 1067 3544 solemnia
1084 3478 1306 3547 coronationis

167 3586 364 3681 aellnequit,
382 3592 487 3659 immo
506 3616 583 3659 vere
601 3593 704 3661 nescit
720 3592 882 3672 accedere,
906 3613 973 3659 nou
1001 3591 1103 3659 modo
1121 3594 1211 3661 vicus
1233 3593 1305 3676 iste,

167 3718 225 3770 rum
240 3708 336 3775 etiam
354 3708 508 3798 pleraque
531 3707 661 3797 oppida,
684 3706 764 3774 dum
787 3709 953 3795 antiquam
975 3707 1100 3795 imperii
1119 3705 1218 3776 iidem
1241 3731 1307 3776 ser·

167 3821 328 3906 revolant,
349 3847 431 3913 quas
454 3823 591 3892 stolidus
609 3824 703 3892 miles
721 3823 918 3890 Themonns
937 3821 1058 3889 alium
1076 3823 1227 3911 principis
1250 3846 1305 3891 cu·

167 3947 197 3998 m
206 3957 338 4028 sequens
347 3940 463 4008 vicinis
481 3940 616 4009 urbibus
626 3960 784 4030 regnante
799 3939 935 4027 imperio
948 3938 1079 4005 iniurias
1097 3938 1181 4019 miir,
1200 3939 1304 4008 luunt.

167 4043 305 4146 &itaque
323 4055 400 4124 belli
418 4055 565 4124 dadibus
580 4076 636 4124 aut
649 4056 751 4144 longa
769 4053 938 4122 obsidione
957 4053 1099 4136 subacta,
1118 4076 1185 4121 aon
1202 4052 1305 4122 modo

170 4267 341 4326 limitaneis
410 4275 677 4332 0:¹1th
752 4270 1055 4327 ‘alumniam
1121 4270 1306 4326 ‘alum

167 4351 362 4414 ”daedale
373 4357 440 4401 &Ha
452 4356 594 4401 mal
604 4360 666 4399 tran
677 4366 692 4396 e
706 4350 1056 4409 wmnlfimj.
1090 4348 1307 4406 atheraim,

167 4540 680 4612 *mmmmm-&Aa
725 4534 1306 4602 &ammomum-mane

167 4628 680 4704 &rostribumpuoelakm
724 4618 1307 4692 ciommeig‘armdiqzim

167 4715 679 4787 mudginmrnmaioqrs,
725 4707 770 4763 ct
789 4707 919 4770 Βὸεω,
937 4722 984 4776 cp.
1003 4706 1047 4758 ἐς.
1065 4721 1092 4774 ς,
1113 4719 1171 4773 'z‘t‘r

167 4796 679 4866 putamur-remma}
