3142 5730
478 112 505 166 1.
533 111 592 166 nn
619 110 936 168 erroreum.
1282 119 1301 184 9

99 332 304 406 scendissenr
322 332 431 421 Alpes,
450 333 505 401 ubi
524 356 611 402 nunc
629 333 734 403 Brixia
752 352 783 402 et
794 335 924 402 Verona
939 333 1032 403 urbes
1050 352 1136 416 sunt,
1148 334 1237 403 locos
1256 353 1303 405 te·

102 472 217 521 nuere.
272 449 368 518 Libui
397 448 568 518 considunt
594 468 669 539 post
698 449 769 533 hos,
798 448 1012 541 Salluvi[que]
1044 473 1143 539 prope
1155 450 1190 506 (¹)
1220 453 1302 527 ,anti-

18 584 81 655 70
103 587 207 658 quam
223 583 356 654 gentem
375 564 500 633 laevos
519 565 652 654 Ligures
676 564 851 634 incolentes
871 565 952 633 circa
982 565 1136 634 Ticinum
1160 589 1300 635 amnem.

106 678 284 774 [Poenino]
295 679 330 735 θ’)
350 678 467 749 deinde
481 681 552 749 Boii
569 681 798 770 Lingonesque
817 681 1015 770 transgressi,
1039 703 1113 749 cum
1136 681 1202 749 iam
1220 683 1302 752 inter

20 846 25 851 -
107 795 232 865 Padum
249 814 281 864 et
294 795 393 885 Alpes
407 797 518 864 omnia
537 815 692 878 tenerent,
707 794 796 864 Pado
818 796 937 864 ratibus
956 797 1098 881 traiecto,
1113 819 1181 865 non
1209 799 1300 867 Etru·

109 931 185 979 scos
210 912 308 981 modo
340 911 513 980 sedetiam
543 912 687 982 Umbros
705 935 784 1002 agro
806 912 938 1002 pellunt.
985 915 1068 981 intra
1090 915 1300 1002 Apenninum

110 1044 217 1096 tamen
229 1050 298 1096 sese
316 1045 448 1096 tenuere
461 1027 507 1096 (¹).

175 1144 214 1211 ΙΙ.
256 1145 336 1212 Post
346 1143 417 1226 hos,
427 1143 528 1232 longo
543 1145 695 1233 temporis
707 1143 886 1227 intervallo,
898 1141 979 1213 duce
989 1143 1300 1235 BrennulSenones

23 1332 26 1337 ,
111 1256 139 1324 in
154 1258 273 1327 Italiam
288 1259 415 1328 venisse
429 1260 605 1348 comperi0,
616 1282 698 1349 quos
713 1257 880 1328 dulcedine
895 1257 1025 1349 frugum
1037 1277 1069 1328 et
1080 1261 1221 1329 maxime
1232 1261 1299 1330 vini

10 1438 23 1443 -
111 1373 266 1458 quendam
282 1374 472 1444 Clausinum
490 1376 623 1444 nomine
646 1376 803 1444 Aruntem
821 1398 1014 1465 provocasse
1032 1374 1148 1460 serunt,
1167 1379 1212 1446 ira
1230 1400 1299 1446 cor·

17 1550 24 1559 .
110 1505 215 1575 nuptae
233 1489 265 1544 (θ)
288 1490 398 1558 uxoris
421 1489 460 1557 ab
485 1489 717 1574 lucumoned,
742 1491 831 1559 cuius
855 1491 922 1580 ipse
943 1492 1051 1560 Aruns
1074 1510 1161 1560 tutor
1186 1490 1297 1562 fuerat.

10 1634 18 1675 ε
71 1611 88 1677 5
109 1619 185 1671 cum
200 1605 264 1695 ipse
280 1606 404 1673 iuvenis
419 1604 499 1673 adeo
510 1625 625 1694 potens
644 1605 736 1687 foret,
754 1629 796 1674 ne
814 1606 912 1696 ipsius
930 1607 1064 1675 iniuriae
1083 1607 1175 1689 ultio,
1193 1631 1298 1697 neque

16 1748 23 1813 ᾖ
105 1736 209 1802 poena
226 1722 332 1811 expeti
349 1739 469 1811 posset,
488 1721 549 1789 nisi
565 1739 690 1790 esterna
708 1721 757 1789 vis
775 1723 917 1812 quaesita
931 1720 1013 1790 foret
1026 1721 1070 1789 (²).

17 1910 25 1931 Β
172 1837 231 1904 Hic
248 1838 367 1918 Arons,
382 1835 617 1905 transeuntibus
631 1836 729 1927 Alpes
744 1835 853 1917 Gallis,
872 1835 912 1904 ad
932 1835 1184 1926 expugnandum
1199 1836 1296 1906 Clau·

10 1934 25 2033 l
101 1944 191 2019 sium
211 1951 275 2021 dux
297 1972 393 2043 atque
416 1971 528 2021 auctor
548 1950 618 2020 fuit.
666 1951 809 2020 Clausini
819 1951 854 2008 (³)
873 1974 962 2034 vero,
982 1951 1065 2020 bello
1088 1954 1196 2034 territi,
1221 1975 1295 2022 cum

10 2098 27 2161 p
101 2065 340 2137 multitudinem
364 2085 459 2159 atque
481 2091 583 2137 novas
606 2066 779 2136 hominum
802 2066 921 2136 formas
945 2068 1122 2150 cernerent,
1137 2087 1170 2137 et
1192 2091 1296 2159 genus

10 2164 30 2261 ἓ
57 2194 84 2247 ro
101 2201 279 2265 armorum,
288 2182 498 2274 audirentque
508 2205 602 2273 saepe
615 2182 822 2251 Thuscorum
834 2182 917 2250 acies
927 2184 1010 2251 inter
1021 2182 1145 2252 Padum
1158 2202 1189 2251 et
1198 2183 1295 2273 Alpes

10 2298 34 2425 ᾗς
103 2293 130 2360 ab
152 2298 232 2388 ipsis
244 2298 344 2382 fusas,
361 2299 435 2368 licet
454 2299 579 2369 nullum
594 2296 709 2368 foedus
728 2318 782 2369 aut
800 2300 960 2369 societatis
979 2301 1028 2369 ius
1047 2323 1122 2369 cunr
1138 2301 1295 2370 Romanis

10 2428 33 2465 a.
105 2409 143 2476 eis
166 2412 248 2483 foret
265 2416 327 2483 nisi
344 2413 433 2506 quod
444 2416 602 2497 Veientes⁴
611 2415 871 2504 consanguineos
890 2413 1041 2484 adversus
1060 2416 1217 2506 populum
1230 2417 1295 2486 Ro·

109 2546 235 2598 manum
253 2553 322 2600 non
341 2529 567 2615 defendissent,
583 2530 706 2620 legatos
721 2549 829 2598 tamen
846 2531 987 2600 Romam
995 2530 1030 2586 (θ)
1049 2533 1104 2620 qui
1118 2530 1127 2622 ΙΙ
1141 2530 1295 2599 auxilium

14 2686 24 2705 ,
113 2658 254 2728 peterent,
269 2645 396 2713 misere.
441 2643 482 2714 de
499 2644 618 2713 auxilio
632 2644 711 2714 nihil
734 2646 950 2734 impetratum.
997 2645 1094 2734 legati
1118 2646 1206 2713 missi
1229 2647 1295 2735 qui,
1328 2653 1329 2656 ’

10 2800 25 2839 ;
66 2768 93 2833 15
114 2769 228 2829 senatus
239 2784 276 2829 ac
289 2760 401 2851 populi
413 2761 552 2831 Romani
562 2760 706 2842 nomine,
725 2746 856 2850 agerent
870 2782 945 2828 cum
960 2759 1071 2842 Gallis,
1084 2783 1125 2827 ne
1143 2783 1161 2827 a
1179 2759 1294 2849 quibus

10 2909 30 2951 z
114 2870 222 2944 nullam
232 2877 382 2946 iniuriam
400 2876 606 2966 accepissent,
618 2875 723 2944 socios
735 2874 844 2965 populi
861 2876 1000 2946 Romani
1016 2893 1048 2942 et
1060 2876 1181 2943 amicos
1192 2897 1294 2965 oppu-

10 3002 31 3061 “;·
110 2999 249 3076 gnarenn
268 2993 425 3064 Romanis
449 3015 505 3061 eos
528 3015 655 3083 quoque
672 2990 768 3073 bellu,
786 2992 813 3059 si
827 3014 877 3058 res
894 3009 998 3082 cogat,
1013 2989 1152 3061 tuendos
1163 2990 1199 3047 (l)
1214 3014 1293 3060 esse.

10 3131 28 3191 n
104 3101 165 3172 sed
173 3107 282 3178 melius
289 3109 410 3191 visum,
416 3109 443 3176 si
454 3107 573 3177 bellum
584 3125 694 3198 posset
706 3107 859 3188 amoveri,
868 3126 899 3175 et
907 3106 1017 3176 Gallos
1030 3128 1151 3175 novam
1163 3126 1295 3197 gentem

158 3382 184 3437 lu
197 3380 238 3428 Bb
250 3379 374 3427 corridum
386 3387 438 3438 post
450 3380 493 3425 hoo
506 3379 592 3427 Srluvil
606 3380 700 3440 quippe;
713 3381 755 3425 Aa
767 3379 816 3426 soil
830 3339 951 3427 dousidunr
969 3389 1021 3438 post
1041 3382 1084 3426 hos
1103 3379 1235 3441 Salluvique
1255 3379 1294 3439 qni

80 3449 172 3519 ⁰²09:
244 3463 276 3519 rs)
291 3462 332 3507 na
345 3459 491 3519 omninum
504 3461 585 3506 uernae
598 3461 647 3508 nou
731 3465 763 3519 (c)
782 3463 837 3510 coo
855 3464 911 3520 aa·
931 3464 973 3509 Aa
989 3476 1036 3522 per
1054 3476 1137 3510 more
1158 3471 1294 3522 promeae

10 3548 12 3554 '
72 3520 136 3644 gd)
151 3540 317 3601 Bbcorruptne
337 3541 416 3588 uxorio
430 3542 586 3587 Alucumenre
641 3543 669 3599 (el
684 3542 825 3600 Aulegrros
838 3548 914 3588 tameo
929 3543 967 3601 qui
1020 3543 1047 3599 (f)
1062 3544 1104 3588 Aa
1117 3547 1295 3590 maneamne

103 3620 211 3666 mendo·
704 3637 706 3642 ·

136 3889 673 3964 (r)Colcap.cessal'1inserrionequasi
718 3901 850 3962 proporro
860 3891 894 3944 da
903 3890 1005 3962 lacopo
1013 3889 1157 3946 Gronovio
1167 3891 1200 3946 ed
1208 3903 1295 3947 accet-

63 3959 212 4030 ‘Quare
228 3973 275 4031 aa
286 3991 348 4050 cap.
366 3988 466 4032 mu.
506 3973 530 4029 11
541 3986 613 4030 testo
632 3974 675 4030 rs·
717 3985 775 4030 uto
788 3974 877 4030 ancre
890 3974 937 4029 au
951 3974 1163 4032 Weissenborn.

65 4045 182 4114 viano
189 4061 216 4114 di
230 4071 330 4134 questo
341 4057 440 4115 ultimo
451 4076 543 4131 passo,
552 4061 633 4133 quale
648 4063 674 4116 ci
753 4058 797 4130 (2)
805 4058 849 4115 cf.
862 4057 897 4114 T.
906 4059 1001 4126 Lrvro,
1007 4058 1043 4125 V,
1049 4074 1150 4115 xrxnr.
1187 4059 1295 4115 Laimi·

69 4123 92 4177 ’ἒ
123 4141 194 4198 dato
202 4143 247 4199 dal
261 4143 306 4212 C,
320 4143 472 4199 diversifica
481 4161 538 4201 non
553 4161 625 4217 poco
640 4146 674 4199 da
718 4143 1252 4219 tazionedelpassoequestavoltapiu
1265 4144 1295 4201 ii·

74 4223 193 4284 ‘lucus
204 4227 253 4283 che
262 4228 305 4283 sui
314 4229 403 4282 codici
413 4227 465 4282 che
475 4227 501 4283 ci
509 4229 673 4301 rimangono
719 4230 791 4283 bera.

78 4305 234 4369 tr‘’viurro
252 4311 326 4368 nelle
344 4312 458 4368 vecchie
478 4313 608 4381 edizioni;
629 4330 675 4368 ma
756 4313 851 4386 (3)Cl.
868 4312 1012 4381 T.L1vro,
1027 4311 1062 4380 V,
1077 4328 1164 4381 xxxv,
1178 4313 1193 4387 ς
1208 4330 1234 4383 4.
1270 4313 1295 4371 11

71 4385 678 4477 ¹''ueneperoaconformarel’emendamento
722 4399 1204 4472 testoeabbreviatoesempliiicato.

208 4521 226 4570 1.
238 4523 268 4568 de
282 4521 426 4575 muare,
669 4542 674 4548 ·
1164 4523 1187 4568 r·
