3142 5730
110 124 149 173 10
580 122 827 181 HISTORIA

104 367 182 434 pace
193 345 299 432 potius
310 367 408 433 quam
423 344 518 411 annis
533 345 696 434 cognosci.
742 344 829 412 mitis
841 343 961 433 legatio
970 343 1006 400 (¹)
1018 345 1052 413 in
1064 343 1257 434 praeleroccsll

105 459 562 550 legatos,Barbarisquemagis
570 447 830 550 quamRomanis
839 459 959 528 similes
969 459 1139 528 habuisset
1169 459 1257 551 quibus,
1272 480 1297 529 tt

104 593 276 665 postquam
288 574 438 643 mandata
455 572 633 657 ediderunt,
649 577 682 643 iu
698 575 833 643 consilio
848 575 976 643 aGallo
991 575 1026 631 θ)
1042 598 1213 665 responsum
1222 575 1257 643 da·

105 707 175 757 tum
194 687 267 759 fuit:
288 690 346 758 etsi
365 712 487 758 nomen
506 712 630 758 novum
650 689 779 758 audiant
798 691 1037 773 Romanorum,
1056 708 1159 758 tamen
1171 688 1258 758 credere

105 807 191 873 viros
206 804 304 873 fortes
316 828 395 888 esse,
411 829 549 896 quorum
566 806 719 874 auxilium
737 805 926 873 aClausinis
942 807 976 873 in
997 829 1030 873 re
1049 805 1164 896 trepida
1179 805 1258 894 implo-

105 938 221 1002 ratum,
245 939 276 988 et
299 921 453 1010 quoniam
472 920 633 1010 legatione
653 919 803 988 adversus
826 943 860 987 se
885 920 1067 1003 maluerint,
1090 945 1180 1012 quam
1194 919 1259 988 armis

0 1083 2 1091 ,
105 1037 185 1104 tueri
203 1037 320 1117 socios,
333 1058 392 1103 uec
407 1059 441 1102 se
452 1058 566 1124 pacem
576 1034 611 1090 (ί)
622 1036 631 1126 ll
641 1057 739 1124 quam
751 1035 794 1103 illi
810 1035 964 1118 adferant,
978 1039 1147 1126 aspernari,
1160 1033 1260 1104 sithlis
1278 1047 1303 1112 25

105 1152 273 1244 egentibus
291 1173 380 1242 agro,
395 1174 493 1241 quem
506 1151 599 1219 latius
610 1150 804 1240 possideant,
821 1174 919 1241 quem
935 1151 1054 1234 colant,
1072 1153 1201 1221 Clausini
1214 1170 1261 1240 par·

105 1286 171 1336 tem
190 1266 303 1335 finium
324 1266 512 1335 concedant,
559 1267 649 1334 aliter
666 1288 778 1355 pacem
798 1268 959 1355 impetrari
982 1289 1053 1335 nou
1072 1290 1172 1357 posse,
1192 1285 1215 1334 et
1230 1285 1263 1331 re

105 1406 262 1473 sponsum
282 1405 391 1451 coram
408 1383 564 1451 Romanis
584 1382 726 1471 accipere
745 1381 837 1462 velle,
852 1401 883 1450 et
902 1383 928 1448 si
953 1402 1092 1472 negetur
1103 1407 1174 1472 ager
1186 1400 1265 1450 coum
1323 1384 1328 1411 *

105 1497 226 1565 eisdem
249 1498 403 1568 Romanis
428 1495 643 1578 dimicaturos,
663 1515 698 1564 ut
721 1498 873 1564 nunciare
893 1495 1030 1566 domino
1052 1517 1179 1587 possent
1194 1516 1266 1587 quau·

105 1631 175 1681 tum
199 1612 280 1682 Galli
304 1615 421 1681 virtute
444 1630 567 1680 ceteros
591 1612 740 1679 mortales
763 1630 968 1702 praestarent.
1016 1613 1179 1703 quodnam
1195 1610 1219 1679 id
1232 1610 1268 1674 ius
1289 1609 1316 1680 3⁰

104 1747 187 1796 esset
198 1750 313 1818 agrum
325 1750 342 1793 a
353 1727 589 1817 possessoribus
607 1746 715 1817 petere
726 1748 780 1798 aut
796 1728 909 1802 minari
922 1750 1022 1808 arma,
1037 1730 1187 1799 Romanis
1198 1743 1270 1816 quae·

104 1843 257 1924 rentibus,
269 1841 390 1933 etquid
409 1844 441 1910 iu
461 1843 585 1911 Etruria
605 1843 705 1911 Gallis
723 1844 767 1911 rei
786 1862 879 1926 esset,
900 1868 973 1913 cum
993 1844 1038 1912 illi
1057 1847 1145 1913 sein
1161 1833 1271 1911 armislll

104 1980 138 2025 se
162 1959 209 2026 ius
232 1956 311 2026 ferre
335 1977 366 2026 et
389 1958 500 2025 omnia
520 1957 652 2027 fortium
672 1961 814 2028 virorum
839 1982 907 2026 esse
931 1957 1079 2027 ferociter
1102 1946 1273 2036 dicerunt)

104 2075 246 2141 accensis
265 2075 412 2163 utrinque
432 2074 558 2157 animis,
576 2074 615 2141 ad
639 2096 727 2140 arma
751 2074 942 2157 discurritur,
957 2095 989 2143 et
1007 2076 1169 2164 proelium
1186 2090 1273 2144 conse·

104 2189 191 2255 titur.
237 2186 290 2268 ibi,
314 2187 379 2253 iam
403 2186 588 2277 urgentibus
612 2190 795 2259 Romanam
826 2189 937 2258 urbem
961 2189 1044 2273 fatis,
1068 2190 1165 2280 legati
1188 2200 1277 2259 contra
1297 2176 1324 2250 35

105 2304 153 2370 ius
176 2303 323 2391 gentium
347 2324 435 2370 artua
460 2304 597 2393 capiunt.
644 2327 705 2371 nec
727 2302 759 2372 id
774 2305 782 2394 Η
800 2305 882 2372 clam
905 2329 973 2374 esse
996 2311 1114 2396 potuit,
1136 2331 1206 2376 cum
1223 2317 1278 2371 autc

105 2418 197 2507 signa
220 2417 415 2498 Tuscorum,
439 2436 503 2485 tres
526 2418 716 2486 nobilissimi
738 2420 835 2508 legati
858 2422 962 2509 gentis
986 2423 1104 2491 Fabiae
1135 2426 1279 2494 Romanae

104 2533 279 2601 iuventutis
298 2531 460 2600 fortissimi
479 2552 668 2622 pugnarent
715 2553 841 2603 tantum
865 2537 1027 2605 eminebat
1045 2539 1230 2607 temerarius
1246 2553 1281 2602 tt·

106 2669 235 2715 morum
254 2647 357 2735 vigor,
376 2646 565 2737 plerumque
586 2647 708 2716 consilii
726 2650 910 2718 immemor.
957 2653 1155 2740 quinetiam
1176 2653 1218 2733 Q.
1238 2653 1284 2719 Fa·

106 2761 187 2845 bius,
200 2785 282 2831 unus
297 2786 337 2830 ex
351 2763 507 2833 Romanis
522 2763 645 2852 legatis,
660 2783 790 2833 evectus
807 2785 895 2835 extra
905 2768 1007 2835 aciem
1023 2790 1121 2857 equo,
1138 2768 1286 2860 quendam
1306 2760 1328 2832 4<

106 2901 146 2945 ex
166 2877 299 2947 ducibus
319 2878 487 2948 Gallorum
506 2878 654 2948 ferociter
672 2881 704 2947 in
723 2880 791 2969 ipsa
805 2883 897 2970 signa
911 2884 1122 2952 Etruscorum
1137 2885 1288 2953 incursau-

106 3012 172 3062 tem
196 2995 334 3086 perlatus
358 2994 547 3064 transfixum
575 2996 662 3063 hasta
692 2996 818 3079 occidit,
848 2998 1012 3087 spoliaque
1045 3000 1113 3067 eius
1137 3000 1289 3090 legentem

107 3132 269 3198 agnovere
288 3109 387 3192 Galli;
410 3110 494 3179 illico
517 3128 585 3178 tota
609 3113 674 3178 acie
699 3113 885 3181 Romanum
909 3113 1052 3203 legatum
1076 3136 1146 3182 esse
1171 3117 1293 3205 signum

107 3223 205 3293 Gallis
225 3222 336 3293 datum
355 3243 412 3292 est.
459 3226 577 3293 omissa
596 3225 671 3293 inde
693 3227 727 3295 in
751 3227 921 3297 Clausinos
940 3230 985 3294 ira
1007 3231 1149 3319 receptui
1171 3247 1294 3308 canunt,

107 3340 266 3408 minantes
289 3341 454 3411 Romanis.
501 3339 629 3410 luerunt
651 3343 705 3432 qui
718 3343 753 3398 (f)
773 3344 856 3412 illico
884 3346 1025 3415 Romam
1056 3345 1203 3415 eundum
1228 3352 1328 3415 cen-l

106 3433 222 3523 serent.
276 3456 380 3523 vicere
412 3457 555 3524 seniores
587 3475 623 3525 ut
658 3457 754 3548 legati
787 3460 872 3548 prius
904 3461 1115 3541 mitterentur,
1148 3480 1297 3551 questum

106 3571 234 3639 iniurias
246 3571 282 3627 (ὅ)
302 3571 572 3661 postulatumque,
589 3591 624 3641 ut
642 3596 699 3662 pro
715 3575 782 3642 iure
798 3575 944 3663 gentium
955 3575 1088 3656 violato,
1101 3576 1192 3643 Fabii
1205 3575 1298 3646 dede·

0 3721 1 3728 ¹
105 3705 225 3756 rentur.
271 3687 367 3778 legati
392 3688 559 3757 Gallorum
583 3711 657 3757 cum
681 3690 832 3758 mandata
848 3690 857 3781 l
871 3691 1092 3780 exposuissent
1105 3691 1141 3747 (¹¹)
1166 3694 1299 3761 Senatui

161 3925 191 3979 (a)
206 3922 385 3979 Bbperlerocer
439 3921 652 3978 (bleGnllorurn
707 3922 973 3980 (c)Bbuecsequldem
987 3935 1065 3980 pacem
1120 3923 1301 3980 (didacum...

108 4002 166 4047 Galil
181 4002 295 4059 inermis3
309 4003 413 4049 Bbcutrt
428 4002 488 4048 Gelli
502 4002 525 4047 in
539 4000 693 4049 armisselnt
707 4003 765 4050 ferre
820 4006 849 4063 le)
864 4007 914 4061 Aa,
929 4005 968 4049 Bb
982 4005 1086 4050 dixerunt
1140 4003 1303 4061 (illiberim

107 4081 271 4141 exGnllit,qui
326 4082 523 4141 (gllibquesturn
532 4083 715 4141 postulatumque
769 4084 1172 4141 (plebeumsicuterautmnndau

144 4307 186 4376 (1)
206 4306 247 4362 Cl.
264 4306 299 4361 T.
315 4301 410 4378 L1v1o,
429 4309 463 4376 V,
477 4326 577 4378 xxxu,
597 4311 657 4367 sino
676 4311 703 4366 al
722 4313 738 4384 ς
765 4329 805 4380 11,
833 4315 892 4368 cioe
921 4313 1062 4369 all’ultima
1089 4316 1302 4387 propositione:

109 4389 250 4447 «Tribuni
264 4391 382 4448 militum
397 4397 445 4451 διε.
455 4416 480 4449 a.
