3232 5716
201 437 289 491 xtvr
583 437 619 490 l..
649 438 690 490 Α.
718 435 1004 491 MURATORII

323 1007 369 1074 IN
395 1004 627 1077 IOHAnNJs
655 1004 713 1071 DE
736 1003 1012 1073 CERMENATE
1036 1003 1299 1073 HISTORIAM

700 1200 890 1266 Praesumo

512 1366 681 1434 Luoovrcr
704 1369 854 1434 Aurora
877 1366 1083 1434 Mumroun

288 1732 446 1779 rsronrau
474 1712 557 1778 hanc
584 1734 670 1778 anno
703 1715 784 1799 1698
812 1715 932 1801 primus
957 1737 1019 1802 ego
1038 1737 1056 1778 e
1075 1713 1214 1782 tenebris
1233 1717 1268 1781 in
1287 1716 1391 1784 lucem

204 1729 283 1895 Η
301 1826 417 1915 protuli
433 1847 513 1893 tom.
530 1828 561 1892 ll
577 1850 650 1914 pag.
668 1849 705 1913 31
723 1828 939 1894 Anecdutorum
956 1851 1114 1910 meorum,
1131 1828 1265 1917 dignam
1288 1831 1391 1920 plane,

200 1967 281 2032 quae
311 1966 418 2010 rursus
438 1944 470 2009 in
497 1943 719 2009 collectionem
744 1961 886 2008 nostram
905 1943 1066 2011 inseratur.
1112 1944 1189 2010 Eius
1207 1964 1323 2013 auctor
1341 1947 1392 2014 lo·

200 2059 323 2125 hanues
350 2057 390 2124 de
418 2059 622 2136 Cermenate,
640 2059 739 2145 patria
767 2056 1025 2138 Mediolaneusis,
1044 2077 1109 2124 arte
1128 2061 1282 2140 notarius,
1303 2060 1392 2126 cuius

200 2192 362 2261 perspecta
393 2172 560 2260 prudentia
589 2173 622 2239 in
653 2172 746 2239 rebus
772 2171 916 2260 agendis,
933 2172 1091 2261 simulque
1109 2172 1265 2255 doctrina,
1287 2175 1391 2262 ipsum

199 2287 317 2375 patriae
350 2309 458 2354 carum
488 2285 631 2368 effecere,
652 2289 705 2353 ubi
735 2288 830 2354 etiam
862 2286 902 2353 ad
937 2286 1061 2375 publica
1080 2289 1212 2375 negotia
1231 2287 1391 2356 adhibitus

201 2401 369 2488 syndicum
399 2401 588 2489 reipublicae
620 2402 869 2469 Mediolanensis
901 2403 977 2489 egit
1023 2403 1210 2491 Postquam,
1241 2427 1310 2492 cap.
1337 2409 1391 2490 46,

163 2572 169 2595 ,
203 2519 405 2583 Warnerium
433 2516 473 2582 ab
502 2517 644 2584 Henrico
662 2517 726 2584 VII
746 2517 881 2584 Caesare
904 2516 1052 2605 generale
1078 2517 1322 2605 Langobardiae
1340 2519 1386 2583 vi-

202 2631 321 2698 carium
341 2633 548 2697 constitutum
568 2632 701 2718 scripsit,
727 2631 806 2698 haec
831 2630 935 2698 addit:
969 2630 1052 2697 «Ad
1069 2631 1160 2699 illum
1190 2631 1300 2699 Laude
1320 2656 1389 2699 mo

206 2771 222 2808 a
237 2764 359 2812 rautem
378 2745 524 2832 legantur
542 2768 597 2833 per
617 2766 791 2811 commune
812 2744 986 2812 Mediolani
1007 2747 1191 2814 Franciscus
1210 2748 1251 2814 de
1270 2747 1389 2815 Garba-

206 2877 344 2946 «gnate,
360 2876 392 2925 et
407 2858 574 2926 Adoardus
588 2858 629 2925 de
644 2860 816 2940 Pirovano,
836 2879 867 2925 et
886 2882 949 2948 ego
968 2878 1002 2926 ut
1020 2859 1213 2945 syndicus».
1262 2859 1389 2940 Quibus

202 2999 241 3041 ex
260 2973 364 3041 verbis
383 2975 550 3062 intelligas,
570 2976 855 3043 Cermenatensem
877 2974 1022 3042 floruisse
1041 2995 1073 3043 et
1090 2976 1250 3063 scripsisse
1269 2978 1390 3043 circiter

203 3111 323 3156 annum
347 3111 440 3176 1310,
458 3112 558 3178 eaque
577 3091 729 3172 retulisse,
746 3113 828 3178 quae
854 3089 912 3157 sub
942 3092 1011 3157 eius
1042 3090 1141 3156 oculis
1171 3090 1388 3159 versabantur.

203 3203 266 3272 Sed
286 3223 317 3270 et
336 3206 367 3271 in
386 3203 586 3272 Praefatione
611 3227 645 3270 se
671 3225 876 3272 tractaturum
903 3207 946 3271 ait
968 3232 984 3268 (ι
1004 3205 1043 3271 de
1060 3207 1254 3272 serenissimi
1274 3229 1310 3272 ac
1330 3207 1389 3273 mi·

206 3346 222 3382 a
237 3318 340 3386 rabilis
359 3320 506 3408 principis
537 3321 666 3385 Henrici
695 3320 733 3386 de
758 3320 986 3407 Lucim'oorgo,
1006 3343 1102 3408 quem
1121 3323 1261 3408 primum
1280 3341 1390 3390 nostra

207 3453 338 3502 «aetate
357 3436 581 3523 imperatorem
600 3435 748 3517 vidimus,
769 3437 801 3502 in
828 3436 950 3501 ltaliam
973 3436 1110 3504 adventu
1131 3464 1162 3504 r.
1209 3438 1389 3505 Castouum

203 3570 330 3635 quoque
361 3546 401 3612 de
433 3548 462 3613 la
481 3547 584 3613 Turre
618 3570 701 3613 nunc
729 3547 1000 3635 archiepiscopum
1019 3548 1164 3636 appellat,
1183 3568 1218 3616 ut
1237 3548 1298 3614 alia
1321 3547 1392 3614 loca

203 3663 370 3728 omittam:
395 3683 475 3749 quae
507 3662 616 3728 omnia
648 3678 784 3726 aetatem
804 3660 942 3726 hominis
969 3661 1219 3729 luculentissime
1238 3660 1390 3749 produnt.

205 3776 300 3842 Illum
319 3799 396 3842 vero
416 3776 518 3845 adhuc
537 3779 569 3843 iu
586 3776 666 3842 vivis
683 3774 777 3841 luisse
798 3775 918 3842 circiter
934 3798 1055 3842 annum
1077 3798 1111 3862 13
1117 3798 1159 3862 30
1174 3799 1214 3842 ex
1229 3776 1392 3866 Manipulo

196 3891 309 3980 flottam
329 3892 506 3959 Gualvanei
527 3892 565 3959 de
593 3891 622 3957 la
648 3891 804 3971 Flamma,
823 3890 878 3978 qui
897 3891 929 3956 in
955 3890 1014 3957 hac
1034 3892 1100 3978 ipsa
1126 3891 1316 3960 collectione
1336 3918 1392 3962 oc-

204 4026 317 4088 curret,
330 4006 421 4073 facile
438 4008 583 4074 evincere
598 4027 778 4095 possumus.
825 4003 986 4071 Scribebat
999 4029 1056 4094 per
1070 4030 1107 4073 ea
1125 4025 1271 4096 tempora
1291 4010 1392 4078 Gual-

203 4145 334 4202 vauens,
351 4145 603 4210 enumeransque
623 4122 801 4200 historicos,
820 4119 933 4207 quibus
952 4120 992 4186 ad
1010 4144 1100 4187 suam
1120 4123 1206 4189 illam
1225 4124 1394 4193 historiam

203 4235 437 4303 contexendam
458 4260 531 4303 usus
551 4235 661 4317 fuerat,
677 4237 758 4301 inter
774 4254 894 4300 ceteros
914 4234 1008 4300 libros
1025 4258 1259 4306 commemorat
1276 4240 1394 4308 Titum

203 4353 331 4419 Livium
362 4353 445 4440 apud
477 4352 656 4419 Iohannem
685 4352 724 4419 de
756 4353 946 4418 Cermenate
976 4353 1187 4422 adservatum.
1235 4357 1326 4439 Tum
1358 4360 1394 4426 in

201 4468 311 4535 Politia
333 4468 463 4549 novella,
490 4491 587 4556 quam
607 4488 679 4534 ante
699 4468 872 4535 nonnullos
896 4492 997 4535 anuos
1024 4472 1292 4560 promulgaverat,
1313 4475 1396 4544 haec

203 4582 306 4649 addit:
328 4583 442 4671 «apud
470 4584 648 4650 Iohannem
677 4584 715 4649 de
742 4585 933 4651 Cermenate
953 4585 1030 4651 liber
1050 4586 1091 4651 T.
1113 4588 1214 4669 Livii3
1242 4589 1396 4660 chronica

207 4722 223 4761 (ι
239 4696 347 4790 lacobi¹
376 4697 414 4763 de
445 4697 553 4763 Laude
572 4698 605 4763 de
634 4699 761 4763 liistoriis
784 4698 983 4765 larderarium
1006 4714 1108 4767 contra
1132 4701 1395 4790 Mediolanensem
