3142 5730
168 424 210 492 88
634 440 880 496 msroritn

167 660 295 731 faciunt.
341 682 480 751 namque
503 661 580 730 dum
593 661 629 717 (⁸)
642 661 797 731 fluentem
820 661 961 730 rivulum
982 683 1038 751 per
1062 660 1159 729 media
1182 660 1287 730 Mediola-
1356 639 1381 683 ’Σ

167 780 316 848 nensium
343 797 442 846 castra
472 779 601 847 transire
623 780 715 867 pauci
738 779 805 846 ausi
831 796 906 846 sunt
919 778 966 860 Φ),
989 801 1064 846 cum
1087 779 1161 845 circa
1179 776 1290 845 teuderii
1360 754 1381 791 ᾗ·

168 891 281 960 Mattei
313 893 520 961 Vicecomitis
550 914 623 982 prae
656 912 690 959 se
723 910 862 960 armatm
892 910 1051 960 currentes
1073 910 1216 980 utcunque
1231 891 1290 980 raptis

168 1009 262 1075 armis
285 1006 469 1098 conglobari
491 1008 641 1089 sentiunt,
663 1025 792 1097 pavent,
809 1029 852 1075 ne
873 1009 901 1075 si
924 1006 1074 1075 adversae
1092 1006 1220 1075 [ortuum
1236 1026 1292 1073 ons
1365 994 1378 1025 ²

167 1144 224 1190 eos
246 1140 330 1190 retro
358 1119 438 1191 ferre
461 1144 587 1212 gressus
609 1140 715 1213 cogat,
736 1123 834 1211 ipsius
856 1122 950 1190 rivuli
972 1122 1128 1190 lethaliter
1154 1138 1294 1210 occupentur
1308 1138 1327 1203 ις
1368 1101 1381 1111 ”

165 1238 200 1305 in
216 1259 322 1326 passu.
367 1239 474 1328 itaque
492 1238 599 1306 multis
618 1237 756 1327 partibus
774 1238 923 1307 incendio
940 1239 1047 1328 posito
1066 1241 1142 1306 citra
1157 1239 1250 1319 rivum,
1259 1236 1295 1315 bis,
1370 1216 1380 1257 ³

167 1352 281 1443 quibus
304 1356 472 1445 negotium
495 1355 705 1423 commissum
727 1373 786 1438 est,
804 1375 937 1443 propere
959 1355 1103 1423 accensis
1125 1353 1229 1423 facibus
1244 1349 1297 1441 per!

168 1489 282 1537 vacuas
301 1469 449 1557 gentibus
470 1471 623 1538 stationes
646 1469 891 1538 discurrentibus
906 1469 954 1553 (⁴),
968 1471 1037 1537 sine
1055 1469 1121 1537 ullo
1143 1487 1299 1554 suorunpe
1377 1458 1381 1486 ²

166 1583 266 1651 riculo
297 1584 329 1652 in
360 1583 471 1652 urbem
501 1607 536 1652 se
566 1585 721 1674 recipiunt
743 1582 969 1652 vociferantes:
989 1610 1007 1647 «
1033 1584 1173 1674 accipite,
1193 1580 1300 1651 Medob-
1377 1562 1381 1569 ⁴

167 1719 294 1780 nenses,
316 1696 412 1787 digna
429 1701 569 1788 praemia
587 1721 715 1788 pugnae
727 1719 863 1781 vestram
884 1721 1043 1788 nusquam
1062 1700 1131 1767 sine
1152 1697 1239 1777 vobis,
1251 1714 1337 1784 quosp

166 1814 299 1880 minime
315 1814 349 1869 (θ)
365 1815 574 1897 timebamus,
597 1816 772 1905 pugnando
793 1814 970 1904 periculum
992 1815 1088 1882 nobis
1111 1813 1220 1882 factum
1239 1828 1302 1877 esti.

231 1929 336 1996 XLII.
382 1931 426 1996 At
447 1947 617 2020 postquam
635 1952 691 1998 rex
708 1929 796 1997 videt
818 1929 898 1997 nihil
919 1952 1029 2018 pugna
1052 1928 1172 2019 profici,
1185 1924 1305 1996 tuncrin·

166 2043 266 2111 dictae
288 2042 356 2110 sola
373 2041 457 2111 fame
480 2043 592 2128 fidens,
611 2045 692 2112 intra
715 2047 844 2112 moenia
862 2044 1069 2133 amplioribus
1098 2043 1186 2113 fossis
1200 2041 1306 2126 erlongo

166 2175 239 2224 ante
263 2176 363 2225 castra
384 2159 469 2227 vallo
484 2161 655 2228 esurientes
670 2160 782 2228 hostes
796 2159 944 2228 claudens
958 2159 1003 2243 (i),
1021 2159 1186 2228 diuturnae
1205 2152 1309 2224 sationis

166 2274 294 2361 signum
317 2273 412 2342 dedit.
459 2273 621 2366 [obsessos
644 2276 741 2343 etiam
764 2275 852 2343 velut
878 2275 986 2342 hostes
1010 2274 1175 2357 iudicatos,
1197 2273 1275 2341 etism
1295 2264 1312 2331 si

167 2405 255 2455 extra
276 2391 405 2457 moenia
427 2389 511 2458 fame
533 2389 613 2480 pulsi
638 2389 956 2479 comprehendantur,
976 2391 1082 2457 necari
1100 2390 1199 2471 iussit,
1219 2384 1340 2472 nebtgti

166 2525 341 2593 pauperum
370 2505 565 2594 reliquorum
592 2507 754 2573 minuatur
785 2507 892 2594 inopia
915 2504 977 2596 (⁸).]
1023 2527 1162 2593 cumque
1194 2496 1319 2570 intrinseci

167 2617 345 2686 Brixienses
367 2641 588 2710 quoscumque
607 2638 759 2689 exeuntes
781 2620 866 2688 illico
885 2619 924 2687 ab
942 2619 1087 2688 hostibus
1110 2620 1233 2688 retineri
1253 2635 1322 2706 atque

166 2732 281 2822 laqueo
303 2755 474 2823 suspensos
498 2736 531 2803 in
555 2754 726 2825 conspectu
750 2754 821 2803 ante
837 2753 943 2825 portas
956 2735 1041 2804 urbis
1056 2736 1162 2804 necari
1179 2749 1327 2811 cernerent,

167 2868 233 2914 non
255 2866 363 2915 tamen
386 2850 563 2918 sustinuere
587 2850 723 2919 famelici
737 2850 923 2939 expulsione
937 2850 1056 2918 inutilis
1071 2850 1173 2939 plebis
1188 2845 1334 2934 minuere}

166 2963 286 3030 famem
297 2965 343 3047 (¹¹),
361 2965 420 3031 sibi
436 2966 572 3033 nimium
588 2966 713 3034 crudele
733 2984 826 3056 atque
839 2966 1051 3035 inhumanum
1065 2969 1174 3034 visum
1190 2987 1246 3035 est.
1287 2966 1338 3033 boc
1356 2979 1381 3028 to

166 3080 344 3148 maximum
366 3080 489 3169 pietatis
513 3080 558 3172 [et
581 3080 752 3173 charitatis]
776 3082 905 3170 signum
935 3083 1109 3150 mutavisse
1133 3105 1206 3151 reor
1228 3101 1342 3150 senten·

166 3193 244 3260 tiam
275 3197 401 3283 superni
434 3195 559 3278 Iudicis,
584 3197 637 3284 qui
671 3196 835 3263 neminem
860 3197 1109 3285 compatientem
1133 3199 1250 3285 patirur
1272 3196 1347 3264 male

167 3310 259 3377 mori.
306 3333 381 3377 nam
401 3311 533 3379 demum
554 3335 627 3379 cum
644 3311 683 3379 ad
698 3311 867 3379 declivium
883 3330 983 3379 aestas
998 3310 1090 3393 foret,
1106 3335 1277 3403 superante
1292 3315 1351 3381 iam

166 3426 268 3512 spatio
294 3428 396 3493 noctis
413 3426 509 3507 diem,
526 3427 688 3514 utriusque
706 3429 800 3515 partis
816 3427 908 3494 rebus
928 3426 1142 3496 laborantibus
1165 3447 1199 3496 et
1224 3430 1353 3510 afflictis,

167 3539 377 3608 mediatorem
410 3541 554 3631 diligeret
582 3541 731 3609 obsidens
759 3543 874 3629 pariter
896 3562 927 3610 et
954 3542 1111 3624 obsessus,
1144 3544 1177 3610 in
1202 3547 1288 3633 regis
1311 3568 1357 3612 ca·

166 3673 229 3721 stra
242 3657 271 3709 (ἱ)
293 3658 462 3744 opportuni
486 3658 607 3724 cunctis
630 3658 763 3725 veniunt
791 3656 962 3725 cardinales
988 3657 1083 3746 legati
1104 3656 1282 3741 Ostiensis,
1304 3660 1358 3727 Al·

168 3773 313 3839 banensis
337 3790 369 3838 et
387 3774 489 3840 Lucas
513 3772 552 3839 de
576 3772 722 3854 Fiesch0,
748 3794 830 3861 quos
846 3795 992 3840 summus
1010 3771 1154 3861 pontifex
1178 3773 1360 3842 destinabat

168 3888 318 3969 Romam,
341 3886 394 3954 ubi
427 3909 444 3952 a
477 3888 645 3954 Francisco
674 3886 713 3954 de
741 3885 955 3975 Campofloris
983 3886 1132 3954 cardinali
1150 3887 1180 3941 0)
1209 3908 1360 3978 expecta·

222 4098 249 4153 (a)
265 4096 306 4140 Aa
320 4102 496 4140 erroneamentr
510 4108 560 4139 num
575 4096 685 4153 quendem
747 4097 777 4150 (bl
793 4097 833 4140 Bb
846 4097 928 4141 audent
995 4096 1023 4150 (c)
1040 4095 1079 4138 Bb
1093 4095 1191 4140 tentoria
1271 4099 1306 4153 (d)
1321 4098 1362 4142 Bb

168 4191 260 4235 propere
274 4177 448 4222 discurrentibus
530 4180 558 4233 (e)
573 4177 612 4220 Bb
627 4177 673 4221 sine
688 4177 753 4220 vobis
767 4177 857 4221 minime
871 4177 1004 4222 timebamus
1084 4176 1111 4232 (fl
1128 4176 1166 4220 Bb
1181 4189 1208 4221 nc
1221 4177 1295 4235 longo
1309 4188 1363 4223 ante

168 4267 241 4301 costra
256 4259 315 4302 vallo
324 4257 399 4301 ductis
408 4257 530 4302 esurientes
584 4260 615 4313 (g)
631 4257 739 4301 L’r'ntero
748 4257 845 4314 periodo
856 4269 939 4301 manca
954 4257 978 4300 r‘n
988 4256 1037 4302 Λα.
1092 4256 1123 4310 (hl
1134 4255 1174 4298 Bb
1183 4254 1287 4312 inopiam
1297 4272 1362 4302 suam

168 4338 197 4392 (1)
212 4339 232 4380 B
245 4338 288 4381 bct
298 4339 409 4388 obsessus.
420 4337 500 4395 quippe
510 4336 532 4381 in
545 4337 647 4381 exercitu
657 4337 756 4394 quotidie
770 4336 830 4382 cedit
843 4339 922 4381 morbo
932 4337 1001 4385 miles.
1017 4345 1038 4381 et
1052 4336 1075 4380 in
1090 4337 1144 4380 urbe
1157 4336 1261 4379 omnium
1277 4338 1361 4382 crescit

168 4417 249 4472 inopis,
263 4425 284 4460 et
299 4425 402 4461 externae
409 4417 459 4472 opis
468 4415 576 4460 minuitur
590 4430 648 4474 spes,
660 4417 758 4473 undique
772 4425 817 4460 tam
831 4416 896 4460 etium
907 4416 929 4459 in
939 4418 992 4460 urbe
1002 4428 1067 4474 quam
1082 4415 1105 4457 in
1119 4415 1200 4459 castris
1213 4416 1313 4471 pullulet
1323 4417 1361 4461 illa

168 4496 235 4550 pestis
244 4496 322 4551 morbi,
333 4496 371 4539 sed
381 4495 462 4539 lortius
475 4496 513 4538 ubi
525 4495 672 4539 Germanicus
685 4496 748 4539 miles
762 4496 840 4550 tendit,
852 4496 904 4539 dum
919 4494 1035 4539 meridiani
1045 4495 1147 4538 durantis
1156 4502 1231 4536 aestus
1241 4507 1318 4552 usque
1332 4496 1360 4538 ad

168 4574 265 4617 medium
278 4575 352 4617 noctis
362 4575 486 4631 impatiens,
499 4574 572 4619 nudus
584 4576 644 4618 omni
659 4574 741 4619 reiecto
757 4575 865 4619 velamine
875 4574 994 4618 matutinas
1005 4586 1070 4617 auris
1080 4572 1167 4629 recipit,
1183 4585 1241 4628 quas
1250 4574 1323 4630 gelidi
1334 4587 1361 4617 nc

168 4654 241 4697 nivosi
255 4663 341 4697 montes
356 4655 427 4699 Vallis
441 4655 575 4699 Carnonitne
589 4655 626 4698 illu
640 4656 692 4699 liora
713 4656 814 4711 perdunt,
828 4655 879 4700 iude
893 4654 980 4698 initium
995 4655 1067 4698 morbi
1083 4652 1153 4697 fuisse
1168 4652 1251 4697 ferunt.
1281 4653 1360 4712 itaque

169 4734 190 4776 in
206 4733 265 4790 regis
279 4741 351 4778 castra
405 4736 431 4792 (i)
447 4735 486 4778 Bb
505 4733 605 4778 similiter
618 4735 725 4779 cardinali
