3142 5730
250 410 291 497 38
721 426 967 487 HISTORIA

249 646 421 716 comitatus
431 647 551 717 nostri:
565 646 681 717 deinde
691 647 895 738 popularium
906 647 995 723 urbis
1008 647 1095 719 laeto
1107 647 1235 729 fremitu
1245 650 1388 729 venienrirn

248 761 282 829 in
299 784 471 831 occursum
488 769 573 852 regis
592 785 779 853 apparuere:
802 764 858 854 qui
879 763 1039 835 inclinatis
1057 764 1161 854 signis
1183 782 1253 832 ante
1272 763 1347 853 pedes
1360 787 1387 835 re

248 878 298 966 gis
312 899 383 945 sese
405 878 464 946 sibi
481 877 650 946 liberaliter
668 878 822 948 obtulere.
868 901 924 947 rex
942 879 1050 970 itaque
1067 880 1225 968 promissa
1248 880 1387 947 Matteinor

249 1015 343 1077 vana,
362 994 440 1084 quin
458 995 562 1062 immo
585 994 651 1063 iam
672 1012 758 1064 certa
780 1018 849 1065 esse
869 995 993 1078 videns,
1012 994 1068 1063 illo
1087 994 1151 1078 die,
1169 996 1196 1065 si
1214 1014 1323 1085 tempus
1337 995 1387 1063 siu

248 1108 300 1189 rit,
319 1124 373 1175 aut
390 1106 480 1198 dies}
496 1107 635 1197 spatium
653 1107 753 1191 daret,
767 1126 966 1199 properasset
983 1108 1024 1179 ad
1039 1108 1166 1178 urbem.
1211 1108 1264 1179 sed
1279 1109 1337 1199 quia
1350 1108 1387 1175 ian

248 1225 533 1315 propinquantibus
551 1228 703 1317 vesperis,
714 1237 767 1295 aer
785 1228 923 1297 nimium
940 1228 1061 1316 spissus
1073 1227 1107 1283 (⁸)
1117 1228 1201 1297 nivis
1216 1228 1278 1295 iam
1293 1241 1389 1315 coeperit

250 1340 422 1424 obscurari,
432 1343 465 1410 in
477 1341 552 1411 loco
564 1343 723 1427 Mazenta,
735 1344 790 1433 qui
800 1364 842 1411 eo
855 1344 926 1432 ipso
936 1344 1052 1413 merito
1067 1340 1171 1412 factm
1190 1361 1238 1411 est
1246 1339 1396 1432 burgusbo

249 1457 380 1546 spitium
395 1459 473 1548 petit
483 1458 529 1527 (¹).
568 1475 699 1548 postero
714 1457 776 1541 die,
792 1459 848 1549 qui
871 1458 960 1527 velut
970 1460 1050 1529 tanti
1063 1457 1154 1528 ducis
1173 1457 1334 1526 adventum
1348 1477 1412 1537 sen,

249 1574 342 1658 tiens,
350 1573 462 1641 clarior
472 1575 641 1663 praeterito
652 1574 750 1664 longe
757 1573 830 1658 fuit,
836 1577 992 1664 processit
1000 1574 1040 1645 ad
1047 1573 1171 1653 urbem
1199 1576 1251 1643 cui
1260 1576 1394 1664 priuquu
1407 1558 1437 1649 ²ll

248 1688 395 1758 medium
406 1691 466 1757 iter
479 1691 591 1780 capiat,
607 1689 856 1759 innumerabiles
868 1689 1027 1761 nobilium
1042 1713 1105 1760 nec
1118 1712 1187 1769 non
1207 1692 1337 1779 antiquae
1346 1707 1396 1776 get·

249 1805 288 1872 tis
295 1806 498 1895 popularium
509 1804 648 1874 familiae
660 1805 1295 1896 magnisturmisveniuntinocenrsum.
1325 1797 1398 1872 Guib

250 1919 290 1988 de
308 1921 338 1989 la
350 1922 453 1991 Turre
469 1922 610 2004 ultimus,
629 1941 704 2013 post
715 1946 849 1992 omnem
860 1921 961 2012 plebis
980 1921 1119 2005 turbam,
1131 1920 1263 1990 obviarn
1283 1920 1400 2008 reginen

249 2037 356 2106 solum
364 2038 487 2108 civibus
498 2041 576 2129 quin
588 2039 692 2106 immo
705 2041 826 2108 cunctis
837 2038 1037 2123 mortalibus,
1049 2038 1148 2107 iratus
1159 2040 1263 2107 venit:
1272 2037 1328 2105 beu
1336 2050 1401 2124 quam

249 2153 382 2221 invitus!
410 2177 571 2244 quamque
584 2155 679 2222 etiam
692 2155 778 2223 vitae
788 2176 865 2223 suae
876 2153 1020 2238 odiosus,
1032 2154 1097 2222 iam
1106 2155 1288 2243 propinquo
1301 2151 1357 2222 urbi
1365 2147 1403 2215 do
1418 2138 1437 2199 ²⁴

250 2267 342 2335 mino
364 2289 425 2336 suo
440 2268 573 2336 trahitur
591 2268 625 2335 in
644 2290 826 2352 occursum,
839 2271 894 2358 qui
908 2267 1105 2358 impediente
1120 2267 1268 2357 superbia
1278 2255 1404 2356 pavorelll

251 2383 362 2468 mixta,
381 2384 391 2474 l
408 2407 469 2453 nec
488 2408 599 2474 regem
621 2403 657 2453 ut
679 2384 807 2454 hostem
829 2384 954 2474 repulit,
975 2408 1036 2455 nec
1059 2402 1095 2455 ut
1117 2383 1289 2452 dominum
1314 2397 1406 2450 nature

250 2499 324 2581 lem,
351 2500 432 2568 sicut
456 2500 632 2582 tenebatur,
658 2500 794 2569 admisit
841 2518 1094 2582 verumtamen,
1114 2499 1225 2588 quoad
1246 2498 1408 2589 potuitne

251 2615 376 2706 superbi
396 2616 493 2684 fastus
511 2639 638 2687 morem
657 2617 772 2687 oblitus
791 2635 853 2701 est;
867 2640 945 2686 nam
963 2616 1037 2687 licet
1056 2639 1074 2687 a
1094 2614 1361 2687 circumstantibus
1372 2608 1409 2678 do

252 2750 373 2802 ceretur
388 2756 424 2800 ac
443 2734 551 2816 etiam,
571 2753 607 2801 ut
626 2757 765 2824 aequum
784 2753 859 2816 erat,
877 2751 1022 2802 cerneret
1036 2751 1150 2802 cuncta
1165 2755 1332 2822 procerum
1347 2730 1413 2816 sign
1428 2727 1437 2774 ²

251 2867 324 2917 ante
341 2849 521 2940 imperiales
540 2850 660 2939 aquilas
676 2850 839 2920 humiliter
855 2850 1006 2919 inclinata
1023 2849 1114 2940 poni,
1134 2871 1230 2917 ausus
1249 2867 1306 2932 est,
1322 2864 1415 2921 tamen,

250 2964 383 3032 veniens
401 2965 435 3032 in
455 2986 625 3033 occursum
648 2966 728 3053 regi,
744 2988 838 3054 super
856 2965 1009 3034 verticem
1028 2965 1095 3031 eius
1114 2964 1179 3052 pati
1200 2986 1259 3032 sua
1278 2964 1336 3033 alte
1349 2962 1418 3049 signa

250 3079 334 3163 ferri,
347 3103 429 3170 quae
443 3103 542 3170 usque
557 3079 597 3147 ad
612 3079 728 3148 faciem
737 3082 885 3170 principis
900 3080 1004 3148 taliter
1014 3078 1197 3151 ferebantur
1210 3079 1257 3162 (²),
1276 3082 1309 3148 ni
1326 3069 1421 3146 verol‘l

251 3199 358 3267 minor
376 3220 435 3266 suo
451 3196 539 3266 furor
554 3197 770 3273 Theutonum
786 3197 1026 3286 indignantium
1042 3220 1080 3265 ea
1099 3197 1139 3264 de
1155 3219 1255 3266 manu
1274 3191 1426 3265 deferentis

251 3315 379 3405 dempta
402 3317 533 3404 turpiter
565 3314 729 3383 deiecisset
758 3316 792 3383 in
819 3315 935 3383 limum
958 3332 1073 3385 stratae
1094 3314 1139 3382 (ἃ).
1200 3333 1354 3398 attamen,
1376 3313 1430 3379 ian

250 3433 445 3520 propinquus
464 3431 542 3519 regi,
561 3428 601 3497 ad
616 3448 731 3499 terram
751 3452 835 3520 equo
855 3429 1003 3499 desiliens
1015 3429 1061 3513 (θ),
1080 3430 1243 3499 osculatus
1262 3449 1311 3498 est
1329 3426 1433 3520 peden

250 3548 327 3616 eius.
374 3568 481 3635 aquo
500 3564 608 3615 tamen
632 3545 774 3636 benigno
797 3546 888 3615 vultu
910 3564 1054 3636 receptus
1078 3564 1135 3628 est,
1160 3547 1251 3614 cuius
1275 3544 1437 3614 temeritati

251 3679 344 3751 atque
363 3662 528 3751 superbiae
553 3686 608 3730 rex
623 3663 632 3752 Π
642 3663 717 3730 satis
737 3662 910 3731 clementer
928 3661 1119 3751 indulgens:
1148 3660 1312 3745 «amodo,
1333 3662 1437 3750 inquit,

250 3775 358 3847 Guido
377 3775 527 3865 pacificus
543 3797 575 3848 et
590 3778 691 3847 fidelis
710 3779 763 3862 sis,
783 3797 815 3848 et
832 3802 929 3868 quem
949 3802 1066 3868 negare
1085 3776 1173 3846 nefas
1192 3796 1251 3862 est,
1271 3777 1437 3855 dominum

251 3913 445 3981 recognosce
459 3917 474 3955 >s
488 3891 535 3960 (s).

304 4072 499 4130 (trinosplssum
558 4074 737 4129 (bletirnore
803 4074 984 4133 (c)13bninon
1048 4072 1228 4129 (dlssbeadem
1243 4069 1437 4118 mnnuderereuti

250 4155 343 4214 turpiter
357 4153 488 4200 deletirsent
503 4154 524 4198 in
540 4153 617 4200 llmurn
672 4154 702 4211 (e)
718 4155 768 4208 Aa,
783 4155 820 4200 Ab
834 4155 935 4200 defluens
989 4153 1020 4211 (f)
1032 4153 1071 4197 Aa
1085 4158 1233 4209 recognoscat

252 4317 355 4372 unibus
375 4317 497 4389 patriotis
521 4315 823 4373 miraculumvideba·
869 4330 990 4372 ramente
1017 4332 1096 4371 come
1120 4316 1221 4371 Enrico
1241 4315 1303 4383 Vll,
1322 4333 1385 4388 ¹con
1413 4335 1437 4370 ui

251 4426 264 4452 u
277 4416 353 4458 tutu.
391 4402 454 4458 Nic.
472 4402 560 4457 llorrt.
577 4402 636 4471 892.
869 4400 953 4455 editto
981 4401 1136 4472 pubblicato
1156 4402 1184 4454 in
1208 4400 1324 4470 Milano,
1350 4418 1437 4457 avessr

285 4492 327 4557 (t)
345 4490 451 4553 Questo
472 4487 632 4559 particulare
652 4503 748 4541 manca
769 4485 824 4558 agli
869 4485 982 4540 invitato
1002 4487 1010 4538 i
1035 4484 1159 4539 Milanesi
1186 4484 1280 4555 d'ogni
1298 4483 1410 4540 fazione
1433 4507 1437 4540 r

251 4572 309 4627 uitri
326 4572 436 4626 crouisti
445 4572 578 4625 lombardi
590 4572 823 4642 contemporanei.
869 4568 1037 4623 incontrarlo
1052 4567 1121 4622 fuori
1132 4567 1203 4624 della
1214 4570 1278 4622 cittl
1291 4570 1437 4624 senz‘armi

285 4662 328 4721 (a)
353 4656 415 4711 Nut.
445 4656 533 4711 liora.
554 4656 602 4727 89³
631 4667 690 4710 tace
713 4657 730 4710 il
756 4655 824 4710 latro
868 4653 998 4724 insegno
1014 4653 1042 4708 di
1056 4669 1152 4708 onore.

250 4741 320 4798 delle
345 4741 474 4813 inregne,
499 4756 544 4797 ma
566 4742 659 4811 spiega
682 4740 727 4810 piu
751 4740 823 4796 chia·
