3142 5730
222 500 282 570 132
688 490 934 550 HISTORIA

217 737 331 786 tractet
364 717 533 799 chricris,
561 716 616 805 qui
640 701 846 783 Thebalclnm
874 715 1015 781 amicum
1035 731 1185 781 nostrum
1204 730 1278 780 ente
1300 733 1406 781 muros

218 833 344 900 Brixiae
361 832 464 900 viliter
478 850 571 899 more
585 831 673 898 canis
691 828 884 909 dilaomvit,
899 827 1173 918 dilaceratumque
1189 829 1225 895 in
1240 845 1400 917 conspecu

218 945 593 1039 gentium-spectaculum
605 944 771 1014 horridum
785 963 880 1034 atquc
894 944 958 1012 vile
968 945 1094 1013 cunctis
1104 944 1255 1033 gentibus
1271 942 1403 1012 deditii.-

218 1065 325 1152 itaque
350 1061 508 1130 horrenda
530 1079 613 1128 vooe
640 1077 758 1130 tonans
780 1058 911 1141 sermm,
929 1076 996 1149 quo
1018 1060 1053 1128 itt
1075 1082 1110 1128 se
1134 1060 1268 1142 saeviet,
1294 1060 1384 1149 querit

218 1178 307 1268 quod
330 1177 383 1246 nbi
405 1199 464 1268 per
481 1176 628 1245 mstoiles
651 1177 840 1244 nunciorum
857 1193 906 1244 esi
932 1175 1059 1258 Galeaz,
1080 1175 1266 1244 vassallum
1285 1173 1382 1243 ninii

220 1318 256 1362 ac
283 1293 432 1362 servandi
462 1292 588 1360 comitis
618 1307 722 1375 censa,
751 1290 790 1358 ad
816 1308 893 1359 enm
914 1292 959 1358 irc
981 1289 1080 1373 iubet,
1112 1284 1164 1358 cui
1194 1290 1257 1359 iios
1273 1289 1382 1358 inmo

220 1431 327 1477 mores
351 1410 461 1477 amicis
479 1407 681 1476 sermonibus
698 1406 884 1496 increpanti,
906 1406 1010 1496 inquit
1033 1422 1201 1474 comest«
1224 1423 1279 1473 cnr
1294 1402 1381 1474 frosm
1423 1454 1433 1461 --

220 1525 314 1594 solari
329 1542 461 1614 segmm
476 1524 620 1592 animum
636 1540 746 1590 mcum
762 1521 897 1603 conaris,
915 1520 1041 1588 amice?
1083 1517 1163 1610 quid
1178 1516 1259 1587 mihi
1272 1538 1386 1609 usqum

220 1641 287 1730 spei
317 1640 391 1707 eet?
434 1641 603 1728 episcopus
627 1639 789 1728 papiensis
818 1632 914 1705 ieter
942 1656 1044 1719 meos,
1074 1631 1168 1704 cuius
1197 1636 1304 1703 omnir
1321 1652 1390 1724 qnae

220 1776 381 1823 veterion
404 1779 472 1839 sua,
490 1755 547 1823 sed
572 1753 645 1822 filiis
676 1755 757 1822 meis
781 1751 887 1821 dedita
909 1752 981 1821 neni
1003 1770 1079 1819 meo
1103 1767 1203 1833 erant,
1222 1753 1286 1819 viti
1302 1750 1399 1819 ceitit·
1429 1745 1444 1792 ¹

221 1871 407 1941 Ricardinus
425 1870 508 1939 filius
526 1890 628 1953 meus,
651 1871 685 1937 in
704 1863 781 1959 quo,
800 1869 826 1935 si
849 1867 925 1956 quid
943 1886 1078 1957 usquam
1098 1869 1164 1956 spei
1189 1867 1306 1934 misero
1325 1861 1404 1933 nihi

221 2004 326 2068 restat,
349 2008 472 2076 sperare
490 1987 607 2068 liceret,
622 1984 755 2075 perfidia
770 1983 907 2073 Philippi
932 1982 972 2051 dc
995 1982 1167 2066 Sabeudis,
1184 1982 1262 2051 dum
1276 1971 1412 2071 secum!

221 2104 347 2193 nuptias
376 2102 532 2171 celebrare
558 2100 704 2183 debebat,
734 2101 766 2167 iu
796 2098 942 2166 Taurino
975 2101 1117 2188 captivus
1146 2118 1272 2165 moram
1303 2098 1398 2166 trehit.

221 2217 298 2308 quid
317 2236 424 2285 autem
447 2217 576 2284 ulterius
603 2213 749 2282 fortunae
771 2214 957 2281 novercanci
980 2215 1014 2280 in
1039 2233 1093 2280 me
1115 2229 1213 2281 restat
1239 2211 1398 2302 agendum,

221 2333 282 2400 nisi
301 2348 336 2400 ut
354 2331 493 2421 aequalia
513 2328 671 2398 Thebaldi
692 2328 758 2397 fata
775 2344 912 2417 praestet
929 2327 1035 2394 milti?
1080 2347 1101 2393 o
1125 2349 1224 2416 quam
1241 2327 1338 2416 pietas
1354 2344 1401 2393 tur

222 2445 329 2529 hodie,
349 2467 423 2514 cum
441 2445 586 2514 hostibus
605 2443 728 2535 gladiis,
751 2443 814 2511 heo
832 2434 972 2522 nimium'
990 2441 1098 2524 randis,
1115 2460 1252 2531 peteret,
1266 2440 1404 2531 pestilera

222 2560 282 2628 init
300 2561 395 2627 mihil
436 2562 500 2629 hoc
516 2560 580 2629 fide
598 2559 719 2637 fecisti:
736 2560 787 2629 cui
802 2579 855 2627 me
871 2559 1039 2628 crudeliter
1051 2558 1256 2628 lacerandum
1272 2579 1405 2629 servares

222 2699 289 2744 non
312 2676 418 2744 vidisti
433 2703 451 2742 n
469 2678 514 2744 (¹).
559 2676 690 2745 tandem
709 2694 745 2746 nt
766 2678 800 2746 in
818 2675 974 2758 hostibus,
993 2697 1060 2743 non
1079 2695 1177 2765 quam
1197 2675 1332 2745 timebat
1344 2697 1405 2743 sre-

223 2793 345 2874 vitiam,
370 2791 425 2860 sed
454 2794 613 2862 humanae
641 2794 872 2883 compassionis
902 2811 987 2861 cem
1014 2794 1105 2882 signa
1136 2791 1236 2875 videt,
1272 2793 1407 2883 aliquan·

223 2907 326 2976 tulum
341 2907 380 2975 ad
392 2908 572 2990 cerediens,
585 2909 713 2990 vulnus,
726 2907 814 2998 quod
825 2929 883 2998 per
894 2927 1061 2998 utramque
1073 2907 1247 2977 aciannnn
1260 2909 1408 2977 laminam
1433 2919 1444 2964 1

223 3025 377 3091 transiens
391 3023 514 3091 hostilis
532 3024 656 3112 gladius
675 3023 801 3105 fecerat,
816 3023 938 3091 mederi
960 3044 1072 3113 passus
1091 3041 1146 3092 est
1194 3046 1311 3092 verum
1326 3022 1410 3091 aliter

222 3161 319 3230 quam
337 3141 470 3210 timebat
486 3141 603 3222 evenit,
621 3141 783 3230 aliumque
800 3139 855 3208 fati
875 3159 984 3210 casum
999 3140 1125 3223 habuit3
1146 3161 1223 3208 nam
1240 3142 1411 3230 imperator

258 3364 302 3435 (1)
320 3364 433 3420 lntomo
464 3364 624 3420 aii’inieiice
652 3377 724 3420 sorte
751 3364 796 3420 del
839 3361 1107 3437 dopolacatastrofe
1122 3365 1147 3418 di
1164 3362 1338 3420 Enriconl.
1370 3365 1413 3420 Sc·

224 3461 304 3502 conte
319 3448 459 3520 Filipponc
474 3449 501 3503 di
516 3449 662 3520 Langosco
677 3449 739 3503 vedi
752 3465 795 3502 an·
840 3450 929 3503 condo
955 3450 973 3504 il
996 3449 1122 3521 Morigia‚
1146 3450 1221 3522 dopo
1243 3451 1263 3504 il
1282 3464 1410 3524 supposto

224 3532 274 3585 che
298 3527 319 3586 il
341 3532 479 3598 Mummii,
506 3532 601 3588 Chron.
626 3533 733 3587 Modoe'i.
760 3531 794 3598 11,
839 3533 1002 3587 tradimento
1022 3532 1065 3587 del
1084 3531 1257 3588 marescirllo
1277 3533 1324 3590 del
1342 3535 1412 3589 redi

223 3629 468 3689 xv11‚1ro9csgg.
495 3606 636 3688 Eperodr
647 3617 795 3672 ossewarsi
839 3617 949 3689 Napoli‚
967 3616 1071 3672 Mattco
1089 3617 1214 3672 visconti
1233 3619 1355 3674 rvrabbc
1373 3636 1412 3673 or·

223 3699 321 3771 ch'egli
344 3717 483 3773 aggruppo
501 3701 510 3754 i
525 3700 583 3756 fatti
598 3702 643 3756 nel
658 3719 718 3774 cap.
734 3717 794 3758 xvii
839 3702 931 3755 dinato
947 3701 999 3756 che
1014 3702 1053 3774 gli
1069 3700 1143 3757 losse
1156 3703 1280 3758 tradotto
1297 3704 1414 3768 innanri,

222 3798 303 3837 senza
322 3783 450 3856 riguardo
470 3785 522 3838 3113
547 3786 717 3856 cronologia.
741 3786 794 3840 Per
838 3785 883 3838 dal
896 3781 1009 3839 carcere
1028 3785 1098 3840 dove
1117 3786 1255 3857 langoira,
1271 3787 1412 3862 Filippone

223 3867 353 3938 escmpio‚
366 3868 386 3923 il
400 3869 486 3923 fellito
502 3868 632 3924 tentativo
643 3871 687 3925 dei
705 3869 793 3926 Guelfi
839 3869 865 3923 di
881 3869 1035 3942 Langosco‚
1055 3886 1070 3925 e
1088 3870 1117 3926 lo
1136 3872 1252 3927 avrebbe
1272 3873 1381 3930 indotto
1400 3888 1413 3927 a

223 3964 318 4006 contro
346 3953 449 4008 Milano
473 3954 589 4009 favorito
613 3956 792 4009 dall’esercito
838 3955 954 4009 scrivere
966 3953 994 4008 di
1005 3956 1116 4027 proprio
1130 3972 1221 4027 pugno
1233 3956 1261 4011 31
1273 3955 1413 4029 figliuolo:

223 4035 267 4089 del
293 4052 322 4090 re
345 4035 475 4103 Roberto,
502 4038 634 4092 condotto
659 4039 687 4092 in
712 4039 793 4093 Lom-
838 4038 889 4092 che
907 4055 936 4093 se
955 4054 1040 4093 svers
1059 4055 1120 4092 cara
1140 4038 1166 4092 la
1182 4040 1349 4095 minscciata
1363 4042 1413 4096 viu

222 4119 315 4173 bardis
344 4119 388 4174 dal
408 4133 488 4176 conte
506 4122 534 4178 di
553 4121 690 4195 Squillace
709 4122 794 4178 Tom·
838 4121 882 4176 del
900 4122 990 4194 padre,
1009 4122 1213 4178 abbandonasse
1231 4124 1277 4179 coi
1292 4125 1355 4180 suoi
1370 4126 1416 4180 Pa·

222 4220 299 4259 maso
327 4204 474 4272 Marciano,
495 4223 542 4278 per
568 4205 586 4260 il
611 4206 728 4280 Morigia
752 4226 794 4264 sa·
836 4206 895 4262 vesi
913 4205 1061 4280 l'impresa.
1099 4206 1233 4261 Riccardo
1259 4206 1414 4281 Langosco‚

222 4288 303 4342 rebbc
322 4288 366 4343 del
384 4306 477 4345 marzo
496 4290 523 4344 di
541 4291 707 4363 quell'anno,
720 4309 794 4347 men·
837 4290 913 4346 vinto
932 4291 1004 4345 dalla
1028 4291 1110 4363 picti,
1131 4292 1248 4347 avrebbe
1273 4292 1413 4366 segultoll

221 4381 261 4425 tre
274 4368 792 4447 lnvece,comevedremopii1innanzi,
838 4376 972 4447 consiglio
985 4388 1107 4449 patemo.
1144 4376 1166 4431 11
1181 4376 1301 4448 Morigia
1313 4379 1414 4450 riperta

222 4453 244 4508 si
263 4454 363 4527 riporta
382 4456 407 4510 al
426 4459 580 4524 settembre,
599 4476 614 4513 c
633 4464 688 4531 puo
706 4460 793 4532 ragio
837 4478 885 4532 per
904 4462 929 4514 di
948 4462 993 4533 piu
1012 4460 1032 4515 il
1051 4474 1199 4515 contenuto
1219 4460 1293 4516 della
1311 4462 1412 4530 lettera,

221 4537 396 4595 neuolmcnte
425 4543 601 4598 consideratsi
631 4561 711 4599 come
739 4561 793 4598 una
838 4545 889 4600 che
905 4545 959 4618 egli
974 4546 1033 4600 dice
1046 4547 1137 4601 scritta
1155 4546 1200 4600 nel
1219 4563 1302 4602 senso
1321 4565 1413 4602 accen-

221 4623 342 4678 naturalc
372 4640 561 4698 conseguenze
593 4627 664 4684 delle
697 4629 793 4685 rlsotte
838 4629 958 4686 natodal
971 4643 1051 4686 conte
1065 4630 1206 4704 Filippone
1222 4630 1248 4687 31
1264 4631 1412 4704 figlioliic·

222 4721 348 4776 sperunre
359 4706 402 4762 dei
413 4708 532 4777 Guelfi,e
543 4712 588 4783 piit
598 4712 792 4786 specialmentc
838 4714 928 4770 cardo.

222 4789 264 4842 del
283 4790 353 4845 della
370 4790 458 4847 Torre
474 4811 488 4848 e
504 4794 546 4850 dci
563 4793 623 4850 loro
639 4796 790 4869 portigiaoi
