3142 5730
213 497 254 564 92
683 491 917 546 nrsronta

213 719 272 784 situ
287 738 344 782 sua
362 717 495 804 quisque
512 714 618 802 potius
637 712 749 803 (etiam
763 711 832 802 rex)
851 710 961 778 damna
975 711 1080 799 lugent
1116 709 1224 796 nequebi

214 834 309 921 ginae
326 831 474 898 transitus
492 851 549 919 pro
568 851 614 910 se,
637 847 691 896 aut
709 829 757 895 sui
780 849 870 895 causa
887 825 1030 914 lugendus
1050 845 1114 904 erat,
1130 825 1140 911 l
1154 825 1224 890 cuni

214 964 392 1014 terrestrem
401 965 554 1011 coronam
566 943 745 1032 relinquens
756 942 907 1010 transierit
917 940 953 1007 ad
967 940 1128 1020 coelestem
1137 937 1224 1005 sedast

215 1062 254 1129 ad
266 1061 414 1128 infimum
425 1060 564 1149 plerique
576 1058 758 1126 mortalium
767 1059 913 1146 cuiusque
924 1057 1038 1144 generis
1047 1053 1224 1142 nimiumpest

214 1178 350 1244 sentient
379 1198 455 1243 suae
485 1175 596 1241 mortis
619 1173 783 1240 damnum
828 1173 897 1261 quis
919 1169 1050 1238 amodo
1076 1190 1136 1237 tam
1160 1169 1224 1256 piet

215 1291 467 1370 misericorditer,
487 1308 522 1357 ut
535 1290 623 1371 haec,
644 1290 833 1356 miserorum
852 1309 975 1354 causam
993 1284 1071 1374 apud
1085 1307 1181 1373 regem
1192 1305 1224 1350 su

214 1409 284 1496 quis
307 1429 388 1486 reos,
403 1405 474 1494 quis
488 1403 631 1485 rebelles,
644 1404 715 1492 quis
730 1405 863 1470 miseros
878 1419 1075 1468 contumaces
1089 1419 1169 1466 tanta
1182 1420 1224 1465 cor

214 1521 343 1588 reducet
357 1520 396 1588 ad
409 1520 493 1608 regis
508 1517 630 1586 fidem?
644 1518 678 1573 (¹)
723 1541 825 1606 neque
840 1516 925 1583 enim
941 1515 1000 1582 hoc
1017 1515 1089 1581 loco
1103 1513 1134 1567 (²)
1149 1513 1221 1580 silere

214 1635 380 1704 ridiculum
403 1635 480 1703 illud
503 1636 578 1702 civis
602 1634 699 1700 nostri
724 1631 844 1702 Rizardi
864 1630 902 1697 de
926 1630 1077 1697 Marliano
1096 1629 1146 1718 qui
1159 1628 1224 1694 libro

214 1749 296 1817 linos
321 1751 492 1839 antiquitus
515 1769 655 1817 servatos
679 1747 812 1815 habebat
831 1747 862 1813 in
885 1745 994 1826 domo,
1013 1747 1067 1834 qui
1087 1743 1224 1810 affirmabo

214 1866 395 1954 priusquam
415 1867 514 1933 lanua
534 1864 708 1944 decederet,
728 1864 930 1943 moriturum3
950 1861 1001 1928 ubi
1020 1861 1093 1929 inde
1113 1860 1223 1940 abiisse,

214 1981 339 2048 venisse
363 1983 461 2070 aperit
472 1982 518 2061 (δ),
541 1980 638 2047 libros
652 1980 686 2033 (ί)
706 1998 739 2046 ut
762 1978 855 2045 falsos
879 1979 1008 2065 proiecit
1031 1978 1064 2044 in
1087 1977 1224 2065 ignem,i

219 2096 385 2184 «amplius
415 2119 481 2163 non
505 2095 592 2162 fallar
611 2118 629 2161 a
647 2094 739 2161 vobis
755 2120 786 2176 »3
810 2116 874 2160 non
895 2091 975 2159 forte
993 2091 1224 2180 propheticum!

213 2210 357 2298 telligens
380 2232 457 2276 sana
481 2229 598 2291 mente,
629 2234 687 2276 nec
717 2207 918 2275 considerans
938 2206 1026 2295 quod
1043 2225 1110 2272 tam
1130 2207 1178 2294 pia
1199 2226 1224 2272 et

213 2326 323 2413 regina
346 2325 530 2406 decesserat,
550 2326 639 2392 cuius
655 2325 726 2392 fons
745 2325 928 2391 clementiae
949 2322 1116 2389 roborabat
1139 2342 1170 2389 et
1189 2345 1224 2388 co

213 2464 349 2530 regnum
373 2441 431 2506 viri
450 2443 518 2507 sine
542 2432 604 2529 qda
623 2442 756 2508 moritur
774 2462 870 2506 omne
883 2462 1031 2527 regnum.
1078 2462 1140 2526 ego
1160 2456 1224 2505 aute

212 2579 321 2644 regem
342 2556 410 2622 sine
433 2579 534 2643 regno
554 2580 719 2645 nunquam
739 2556 803 2623 vidi
817 2555 861 2621 (²).

278 2671 365 2735 Dum
389 2671 495 2758 itaque
519 2694 574 2736 rex
594 2690 703 2739 noster
720 2673 836 2738 Ianuae
857 2691 980 2735 moram
1000 2669 1104 2749 trahit,
1124 2669 1224 2757 simpli

211 2782 333 2864 bulans,
355 2802 386 2850 et
405 2783 568 2851 bonafide
587 2808 700 2873 pacem
717 2804 866 2875 appetens
885 2809 958 2852 curn
978 2808 1052 2873 rege
1079 2785 1224 2863 Roberto,

210 2896 440 2986 procurandam
471 2921 618 2967 summus
642 2900 787 2988 pontifex
807 2916 947 2989 'operam
976 2922 1067 2967 suam
1095 2900 1224 2982 dabat<

210 3011 390 3079 mediatoris
410 3034 504 3100 opera
533 3033 563 3079 et
587 3017 772 3084 auctoritate
796 3014 937 3096 confidit,
959 3016 1063 3102 ipsum
1082 3015 1224 3103 regenti

209 3128 289 3193 sicut
312 3128 374 3192 iam
399 3127 488 3207 ulios,
508 3126 547 3193 ad
578 3129 736 3196 solemnia
761 3129 974 3197 coronationis
998 3152 1072 3195 suae
1097 3128 1224 3196 amicabi

210 3243 328 3323 vitavit,
342 3265 453 3308 canem
469 3245 624 3311 suscitans
639 3246 862 3314 dormientem.
901 3270 976 3312 nam
989 3246 1145 3314 Robertus
1163 3247 1224 3326 iste,

207 3357 299 3422 literis
318 3358 420 3442 {regis
445 3359 554 3436 nostri,
574 3359 672 3445 ipsius
688 3384 852 3427 successus
872 3363 904 3425 in
929 3359 1121 3426 Lombardia
1141 3361 1224 3426 nimir

208 3469 318 3549 ferens,
331 3489 368 3532 ac
380 3467 491 3535 sidens
510 3469 597 3558 quod
610 3471 689 3537 nihil
708 3473 766 3539 sibi
783 3472 968 3561 profuerant
984 3475 1015 3539 in
1033 3472 1223 3539 Lombardia

258 3722 288 3774 tu)
304 3718 342 3761 at
357 3728 429 3771 neque
444 3717 479 3759 hic
494 3716 539 3759 loci
554 3716 621 3760 silere
678 3722 709 3773 th)
726 3720 767 3762 Be
782 3722 872 3765 rescivit
929 3726 959 3776 (c)
976 3722 1014 3765 Bb
1030 3734 1067 3764 eos

241 3934 282 4004 (1)
298 3932 335 3985 La
351 3944 437 3983 morte
453 3931 524 3983 della
541 3932 636 4000 regina
653 3935 780 4004 blarglre·
826 3937 843 3987 il
862 3938 990 4001 Bonum,
1005 3955 1047 4006 op.
1065 3938 1107 3989 cit.
1119 3955 1142 4007 p.
1155 3934 1220 4007 296;

208 4018 291 4072 ritadi
305 4016 434 4068 Brabante
448 4031 570 4068 avvenne
585 4015 603 4068 il
618 4033 647 4081 14
663 4035 779 4071 novem·
826 4020 920 4073 lettera
931 4021 973 4073 dei
985 4020 1044 4074 srati
1052 4021 1151 4073 Minori
1162 4022 1188 4073 di
1202 4039 1224 4091 qt

207 4106 337 4161 bretttt.
365 4098 402 4151 Fu
421 4097 526 4166 sepolta
546 4099 619 4152 nella
640 4102 733 4156 chiesa
750 4105 776 4155 di
824 4105 857 4154 ad
883 4105 993 4173 Arrige,
1013 4104 1163 4175 pubblicata
1192 4103 1224 4156 da

208 4188 234 4239 ὃ.
246 4178 610 4245 FranccscodiCastelletto,
622 4199 670 4235 ora
683 4185 776 4238 demo·
824 4204 867 4257 op.
885 4188 930 4240 cit.
950 4189 969 4247 Ι,
993 4188 1048 4257 136,
1068 4189 1095 4239 in
1121 4187 1163 4241 cui
1179 4189 1202 4240 si
1221 4207 1224 4239 ε

208 4272 260 4322 lita.
286 4266 408 4320 Citra-stu
421 4263 492 4315 Treta
503 4280 597 4332 presso
608 4266 776 4332 Hostilem,
824 4271 830 4321 i
851 4271 939 4337 giomi
959 4273 1029 4323 delle
1050 4273 1224 4324 ricorrenzel

208 4353 343 4413 &Mitt
352 4350 495 4408 blussam,
504 4362 547 4415 op.
557 4349 601 4400 cit.
614 4350 647 4415 V,
657 4352 727 4406 rubr.
738 4369 776 4406 tt.
822 4352 909 4407 detto:
922 4355 977 4406 «in
994 4356 1049 4407 die
1064 4354 1116 4406 sui
1136 4355 1224 4407 obiti

207 4437 250 4490 Gli
265 4433 354 4488 storiei
370 4430 497 4501 genovesi
510 4429 567 4482 lino
584 4448 599 4483 a
618 4434 653 4486 M.
669 4434 701 4488 C.
720 4436 776 4491 CA-
823 4438 984 4490 «decima
1015 4439 1224 4503 decembris,

207 4536 276 4572 satu
287 4518 390 4586 (Nauia
400 4515 475 4566 sturio
485 4512 547 4564 della
556 4525 607 4584 rap.
617 4516 643 4567 di
655 4517 770 4583 Ganortr,
822 4541 834 4567 «
848 4522 880 4573 in
897 4522 1031 4574 crastin
1039 4540 1056 4575 o
1075 4535 1221 4575 sanctae

207 4605 321 4661 literne,
341 4596 771 4664 1soo,111‚113)erroneamenre
857 4606 899 4674 (2)
919 4606 964 4659 Sui
985 4605 1044 4657 libri
1065 4605 1174 4658 sibillini
1202 4624 1217 4658 e

214 4702 302 4737 nsum
323 4684 345 4734 lt
374 4682 434 4733 data
453 4679 523 4731 della
543 4694 633 4734 morte
653 4684 773 4738 dell’im-
819 4688 886 4741 sezie
903 4689 972 4744 della
990 4689 1083 4742 Sibilla
1098 4688 1130 4742 cl.
1148 4689 1220 4742 D.C

216 4796 233 4823 -χ
260 4770 332 4820 .,t'..,=
352 4766 394 4818 uel
414 4765 508 4833 giorno
532 4780 570 4831 13,
590 4783 604 4818 c
626 4772 682 4819 cosi
706 4788 772 4839 pure
824 4774 928 4841 Virgilio
945 4774 983 4826 nc!
998 4774 1077 4826 malin
1092 4792 1152 4835 actm
1176 4773 1223 4826 lit
