3142 5730
542 127 571 181 1.
599 127 658 182 DE
685 126 1004 183 CERMENATE.

188 344 307 416 domus:
323 348 457 437 capiunt
469 346 585 430 claves,
598 366 631 417 et
644 372 726 439 quae
738 349 774 405 (⁸)
791 350 878 418 intus
890 369 976 433 sunt,
988 350 1056 418 iure
1068 348 1151 432 belli,
1164 372 1222 417 sua
1233 372 1303 417 esse
1315 371 1373 417 vo·

191 460 259 531 lmt
292 486 349 531 nec
374 463 444 532 ullo
465 464 606 533 Galeazii
624 464 712 534 dicto
732 483 786 535 aut
804 464 890 534 facto
909 465 992 534 illius
1012 464 1089 534 boni
1109 466 1188 534 civis
1206 463 1374 555 pacificam

194 578 350 647 innocentis
368 578 514 649 familiae
536 579 673 650 domum
690 582 848 664 testantis,
871 581 947 650 inde
968 580 1088 672 praedo
1109 580 1258 649 barbarus
1282 579 1375 648 educi

197 694 288 777 voluit,
304 695 499 764 nocentibus
519 696 659 765 innocuo
679 696 774 765 rebus
793 696 869 780 suis,
890 716 944 765 aut
967 698 1022 788 qui
1040 720 1152 765 secum
1173 715 1274 779 erant,
1297 696 1375 763 alio-

161 834 287 891 >mure
306 810 472 880 bonomm
496 814 617 893 civium
640 813 679 883 de
711 812 829 882 horum
850 811 859 903 l
879 813 1084 904 popularium
1108 813 1210 882 domo
1239 813 1374 881 minime

200 924 321 995 bellicosa
343 928 506 1015 omnique
528 949 623 995 causa
648 927 814 996 seditionis
838 928 960 1018 ignara,
989 927 1107 996 divitiis
1131 950 1167 996 ac
1191 926 1285 996 rebus
1310 928 1375 995 suis

202 1040 248 1109 sili
255 1040 431 1110 nocentibus
445 1042 563 1111 deduci
579 1043 704 1112 valuere
717 1044 749 1111 hi
762 1043 940 1135 praedones
954 1042 1090 1112 barbari:
1107 1046 1221 1124 imm0‚
1234 1042 1375 1133 pluribus

204 1154 296 1238 diebus,
314 1181 379 1226 non
409 1157 547 1227 modico
575 1182 682 1227 rerum
701 1158 833 1242 damno,
854 1160 959 1228 claves
979 1159 1097 1228 domus
1123 1161 1226 1227 tenuit
1245 1158 1376 1249 praed0,

204 1272 282 1343 donec
299 1276 456 1343 continuo
478 1297 621 1343 crescere
651 1298 708 1343 sua
731 1274 850 1345 damna
876 1274 1001 1357 videns,
1023 1295 1089 1344 tam
1120 1275 1269 1366 pacificus
1297 1276 1375 1342 civis

162 1412 287 1479 pnoaer
303 1415 378 1460 auro
408 1392 585 1461 redimeret
614 1416 696 1483 quae
728 1412 949 1461 remanserant
974 1392 1007 1460 in
1040 1392 1141 1460 domo
1168 1414 1237 1472 sua,
1264 1408 1376 1480 utpote

213 1506 324 1597 reliquias
341 1507 483 1597 praedae
493 1508 540 1577 (¹).

254 1624 313 1691 Erat
328 1644 408 1693 tunc
428 1624 610 1692 Mediolani
624 1625 773 1713 Pogonus
793 1624 834 1693 de
853 1624 882 1692 la
901 1625 1007 1692 Turre
1019 1624 1054 1679 (²)
1070 1626 1239 1713 episcopus
1254 1622 1376 1690 Padua-

207 1760 260 1820 nus,
271 1739 447 1809 innocentis
467 1739 622 1808 Zonfredi
640 1739 746 1824 frater,
761 1741 816 1830 qui
832 1741 927 1830 primi
942 1740 1098 1808 tumultus
1115 1739 1250 1807 vocibus
1269 1757 1376 1827 stupe·

207 1848 289 1933 farn,
304 1854 386 1923 illico
404 1854 534 1945 apicem
554 1873 585 1923 et
605 1854 754 1923 baculum
778 1855 970 1946 pastoralem
988 1855 1024 1909 (b)
1048 1877 1194 1934 sumens,
1219 1855 1251 1921 in
1276 1854 1376 1921 eccle·

158 1982 188 2033 to
207 1967 293 2036 duaci
311 1971 444 2059 pastoris
464 1968 589 2053 habitu,
613 1989 686 2038 ante
705 1972 851 2060 germani
870 1972 920 2039 sui
940 1990 1048 2061 portas
1068 1971 1198 2038 aedium
1218 1968 1376 2037 verendus

207 2085 279 2168 stetit,
291 2087 406 2177 aliquot
424 2088 478 2178 pie
492 2088 770 2157 circumstantibus
790 2086 929 2179 pacificis
941 2087 1126 2169 Gibellinis;
1141 2088 1191 2155 cui
1204 2109 1311 2154 sacrae
1329 2110 1377 2154 re·

207 2196 302 2285 lip'onis
311 2220 340 2270 et
353 2204 635 2271 circumstantium
646 2203 823 2271 reverentia
836 2204 889 2271 vix
904 2222 1087 2271 servaverat
1106 2203 1207 2270 vitam
1217 2202 1261 2285 (ι),
1278 2202 1353 2269 boni
1366 2202 1375 2293 l

180 2348 186 2357 ·
207 2308 282 2383 fratris
299 2316 395 2385 domo
418 2319 550 2408 penitus
584 2317 727 2407 spoliata.
775 2318 894 2385 interea
919 2320 1069 2399 Matrem,
1093 2340 1252 2385 consensu
1282 2318 1377 2406 regis,

208 2429 328 2499 multus
346 2432 416 2501 loca
436 2434 582 2515 visitans,
600 2432 733 2501 tollendi
753 2433 882 2500 iniurias
903 2455 938 2500 ac
961 2430 1093 2500 sedandi
1113 2431 1244 2521 praedas
1263 2433 1377 2520 gratia,

157 2554 188 2622 25
208 2539 311 2613 donum
331 2546 438 2616 dilecti
461 2548 540 2616 civis
564 2547 666 2615 fratris
680 2546 792 2635 Jacobi
814 2547 853 2615 de
873 2547 1030 2615 Beclralde
1051 2548 1192 2635 Virginis
1214 2548 1375 2635 gloriosae

209 2658 298 2745 militis,
312 2662 386 2753 qnid
400 2663 446 2731 ibi
458 2664 559 2732 latitet
578 2665 719 2752 ignarus,
736 2665 813 2753 petit
825 2664 873 2731 (3).
922 2662 974 2731 ubi
990 2686 1077 2731 nunc
1096 2661 1201 2730 divitis
1216 2663 1378 2732 Guidonis

246 2845 270 2897 (a)
281 2846 334 2894 rur.
342 2855 364 2893 et
373 2846 413 2905 qui
457 2848 490 2903 (b)
505 2847 565 2892 Mur.
576 2847 698 2905 pauornlec
734 2848 765 2902 (c)
777 2846 826 2901 Bb,
840 2846 903 2891 Mur.
916 2844 953 2890 vix
965 2859 1005 2889 sua
1017 2848 1039 2869 ⁸⁰
1049 2845 1103 2902 vita,
1114 2849 1154 2891 Aa
1168 2850 1294 2892 reverentia
1310 2847 1348 2890 six
1360 2816 1380 2869 Ἰ

209 2940 239 2975 ιιι
247 2933 283 2980 rer
292 2937 352 2994 sang
359 2937 548 2996 meamne
561 2937 602 2982 „er
613 2937 693 2983 enarer
698 2937 817 2994 peraret:
831 2936 870 2982 uu
883 2926 1034 2999 ceraunon·

233 3084 265 3154 (1)
276 3087 313 3143 Cf.
324 3108 354 3146 su
366 3104 465 3164 questa
477 3089 601 3163 lamiglia
624 3090 752 3161 Grurnn,
798 3090 883 3145 Storio
895 3089 1045 3145 scient-led.
1058 3089 1119 3143 dello
1131 3090 1210 3143 tludio
1221 3091 1248 3143 di
1265 3091 1380 3158 Paulotu,

209 3162 325 3243 VllL633.
797 3173 918 3237 Padova‚
940 3173 1016 3239 1824,
1035 3173 1090 3227 vol.
1113 3174 1134 3237 1,
1153 3192 1178 3245 p.
1200 3189 1234 3245 94
1252 3192 1266 3228 e
1283 3192 1343 3245 sgg.

232 3252 374 3330 (tugano
386 3257 600 3314 dellaTorresu
611 3259 751 3313 chiamato
832 3257 875 3327 (3)
891 3256 952 3312 Che
969 3257 1061 3311 Guido
1081 3256 1153 3311 della
1174 3256 1263 3312 Torre
1282 3277 1379 3314 avesse

209 3332 303 3397 altatae
311 3344 449 3399 vescovile
460 3344 487 3398 di
496 3344 609 3399 Padova
618 3340 664 3398 nel
677 3359 751 3413 1302,
797 3350 905 3395 trovato
922 3339 1020 3411 rifugio
1040 3340 1112 3395 uella
1132 3358 1195 3395 casa
1211 3342 1237 3394 di
1276 3343 1379 3416 Iacopo

209 3422 261 3476 tnel
275 3442 333 3499 ¹319
347 3428 457 3484 elevato
473 3429 527 3483 alla
546 3428 651 3501 dignita
666 3429 693 3483 di
708 3446 753 3501 pa·
797 3425 832 3479 da
856 3426 998 3489 Beccaloe,
1023 3424 1090 3480 frate
1115 3428 1260 3495 gaudente,
1284 3445 1340 3481 non
1365 3433 1379 3482 ὑ

208 3504 462 3585 derelinquitur.
499 3512 553 3567 Per
571 3512 638 3567 altre
650 3513 752 3567 notizie
797 3508 941 3564 affermato
966 3509 1018 3563 clre
1047 3509 1092 3564 dal
1113 3510 1146 3564 C.
1186 3512 1283 3566 Anche
1311 3512 1381 3567 sulle

208 3584 289 3647 humo
301 3612 315 3649 a
327 3595 366 3652 lui
385 3595 421 3652 cl.
435 3595 596 3665 Cavacrus,
614 3598 682 3653 Hist.
702 3614 753 3652 coe·
797 3592 911 3648 vicende
921 3592 965 3647 del
975 3593 1112 3649 Torriano
1128 3598 1266 3650 ulnesatta
1281 3597 1306 3650 la
1324 3615 1381 3652 ver·

208 3674 406 3738 rutinorum
421 3682 489 3748 raa,
509 3681 662 3749 Patavium,
684 3678 752 3751 1696
797 3678 874 3732 sione
885 3677 929 3731 del
940 3678 1219 3743 transmutanda
1253 3680 1382 3735 Piucon·

196 3756 344 3832 -eruerrr,
360 3766 438 3821 ltalia
449 3783 534 3832 sacra,
550 3767 584 3832 V,
597 3781 649 3836 447
663 3783 678 3820 e
692 3783 751 3838 sgg.
797 3761 980 3817 formemente
993 3762 1019 3816 al
1033 3780 1098 3817 vero
1112 3764 1190 3818 Druo
1208 3763 1377 3831 Counaour,

207 3835 293 3911 P¹ss²no
308 3848 378 3905 della
403 3848 494 3906 Torre
522 3851 692 3922 comparisce
710 3861 752 3904 tra
798 3846 845 3911 ΙΙΙ,
860 3860 956 3900 xxvu:
978 3846 1381 3904 «MesserGuidottoerama·

207 3916 336 3984 ilettitrtoni
350 3931 395 3987 del
414 3931 531 3987 solenne
551 3945 607 3986 atto
626 3932 653 3985 di
672 3931 753 3985 obbe·
800 3949 813 3980 a
824 3929 880 3984 lato
896 3930 922 3983 di
938 3942 1025 4001 gone:
1042 3930 1069 3984 fu
1085 3944 1249 4004 trasportato
1267 3934 1294 3987 in
1311 3934 1381 3990 altra

206 4004 278 4065 dietae
288 4032 301 4069 e
311 4016 337 4071 di
348 4016 451 4072 ledeltal
466 4030 586 4090 prestato
600 4016 633 4071 da
646 4016 751 4071 Milano
800 4036 814 4065 a
825 4027 916 4085 patte;
932 4015 1026 4069 dissesi
1041 4016 1092 4069 che
1103 4031 1245 4089 stampato
1256 4021 1381 4076 eranelle

207 4091 329 4155 ‘dulce
348 4102 414 4156 cittl
433 4101 591 4168 lombarde;
608 4100 700 4155 vedilo
725 4101 753 4155 in
800 4096 900 4152 eforze
929 4098 973 4152 del
995 4098 1105 4153 Delfino
1122 4119 1145 4151 u.
1188 4101 1280 4158 Come
1305 4104 1381 4159 Dino

206 4170 537 4257 Borm1,1,113esgg.
585 4186 623 4241 Su
639 4185 753 4256 Pagano
799 4195 908 4253 potesse
937 4183 1090 4253 accogliere
1116 4184 1141 4237 la
1167 4184 1235 4240 salsa
1255 4206 1324 4243 voce
1355 4192 1381 4244 di

205 4254 262 4314 della
278 4264 357 4324 Torre
387 4286 403 4325 e
438 4272 447 4323 i
473 4267 574 4341 collegi
600 4268 671 4323 delle
701 4269 751 4322 arti
800 4277 897 4339 questo
910 4266 1065 4321 volontario
1082 4268 1159 4322 esilio
1172 4271 1216 4324 nel
1234 4272 1383 4339 Dellinaro,

203 4339 263 4399 dello
272 4352 349 4408 sudio
367 4354 395 4408 dl
408 4352 532 4418 Padova,
543 4351 577 4408 cs.
590 4353 609 4408 il
622 4352 683 4407 doc.
694 4353 754 4407 illu·
800 4348 834 4402 cs.
844 4349 923 4402 Duo
933 4349 1092 4406 Counaoxr
1106 4351 1133 4406 in
1144 4354 1185 4409 ed.
1194 4355 1254 4411 Der
1267 4356 1384 4427 Luuoo,

203 4434 272 4483 wito
290 4433 321 4488 da
335 4436 511 4493 qucesco
529 4435 625 4491 Maura
645 4436 754 4503 Contu,
800 4434 834 4498 ΙΙ,
856 4429 914 4505 367.
