3142 5730
473 508 503 563 1.
528 508 586 563 DE
613 508 928 565 CERMENATE.
1230 507 1289 573 ¹49

104 742 217 804 mam,
243 723 374 793 ultimus
401 723 605 794 defensorum
634 727 717 794 muri
738 743 865 794 scutum
883 725 970 793 mille
987 725 1108 814 sagittis
1130 722 1232 790 fixum
1256 719 1295 788 ad

103 854 228 905 tetram
256 840 392 929 proiicit,
422 864 542 932 equum
562 841 705 910 validum
731 861 764 909 et
786 863 946 910 curracem
975 856 1123 920 armatus,
1146 856 1182 906 ut
1219 854 1296 917 erat,

104 951 263 1035 ascendit,
273 972 463 1045 portamque
475 957 584 1046 aperiri
595 955 691 1025 iubet.
725 957 787 1024 hoc
799 955 910 1025 videns
925 954 989 1024 fida
1000 977 1081 1024 uxor
1095 954 1173 1035 eius,
1190 951 1295 1041 cquid

104 1065 229 1153 paras?
244 1067 359 1156 inquit,
373 1070 476 1151 visne,
486 1070 497 1161 Ι
508 1093 629 1152 comes,
641 1090 672 1139 te
687 1069 830 1139 hostibus
842 1069 953 1138 offerre
962 1070 997 1124 (⁸)
1010 1068 1098 1136 mille
1113 1064 1296 1135 vulneribus

28 1196 76 1263 90
103 1178 387 1250 trucidandum»
436 1202 468 1252 at
480 1184 549 1252 ille:
569 1204 768 1275 «postquam
784 1184 891 1268 video,
904 1184 1018 1274 inquit,
1037 1180 1124 1271 quod
1139 1204 1198 1249 nec
1215 1179 1296 1248 ullus

106 1295 170 1379 vir,
183 1318 245 1364 nec
257 1296 360 1366 ullum
375 1298 514 1368 telorum
527 1323 642 1390 genus,
656 1319 710 1369 aut
727 1301 897 1390 quicquam
913 1298 999 1367 aliud
1017 1296 1158 1366 defendit
1176 1317 1297 1376 muros,

104 1431 165 1499 pet
188 1410 330 1485 hostium
352 1413 416 1482 tela
438 1437 619 1505 erumpens,
638 1416 750 1506 siquis
767 1414 870 1484 fidelis
894 1437 985 1483 casus
1003 1412 1148 1481 fortunae
1163 1410 1297 1492 affuerit,

106 1525 257 1612 evadam,
279 1547 335 1597 aut
354 1529 441 1599 hunc
463 1530 609 1600 dolorem
632 1550 738 1621 aperta
760 1531 856 1600 caede
870 1530 982 1598 finiam
1001 1556 1032 1595 u.
1078 1546 1110 1595 at
1127 1526 1224 1594 illae)
1238 1548 1296 1592 vo·

106 1638 261 1712 dferam:
288 1670 306 1708 a
332 1662 422 1714 estne
445 1645 502 1714 tibi
526 1647 629 1737 aliqua
651 1649 684 1716 in
708 1646 871 1715 deditione
894 1646 977 1713 vitae
1001 1643 1097 1733 spes?
1142 1641 1296 1710 Mediola-

29 1790 51 1855 9
54 1790 75 1856 5
107 1756 217 1823 nensis
234 1758 366 1847 sanguis
379 1758 538 1849 placabilis
564 1779 659 1850 atque
677 1762 776 1844 mitis,
795 1784 869 1828 cum
887 1760 1007 1841 vicerit,
1022 1758 1185 1846 hucusque
1201 1753 1296 1823 fuisse

108 1870 216 1940 fertur.
262 1872 423 1943 diffidisue
457 1877 490 1944 in
523 1877 691 1945 clementia
725 1878 836 1945 Mattei
859 1876 1077 1957 Vicecomitis,
1100 1873 1156 1963 qui
1184 1894 1297 1939 necem

107 1989 203 2077 patris
220 1989 352 2072 oblitus,
375 1991 540 2060 Turrianis
559 1995 676 2062 totiens
698 2017 716 2061 a
739 2015 772 2062 se
788 1994 885 2084 captis
899 1994 1050 2061 vicariam
1068 2013 1181 2058 necem
1204 1984 1298 2055 rium·

106 2124 206 2193 quam
228 2103 360 2172 voluit?
405 2104 552 2195 frequens
571 2109 784 2176 mercenarius
803 2107 894 2175 miles
917 2125 990 2174 ante
1009 2124 1135 2194 portam
1158 2101 1249 2169 castri
1266 2120 1299 2167 te

107 2218 216 2287 statim
233 2219 323 2287 mille
341 2219 443 2310 plagis
461 2223 630 2311 opprimet
676 2245 750 2290 cum
769 2224 876 2291 vivere
894 2222 1009 2311 possis,
1027 2218 1128 2287 scelus
1152 2236 1199 2285 est
1217 2216 1299 2284 velle

12 2361 82 2410 too
107 2334 230 2401 mori».
270 2334 321 2401 his
335 2332 419 2402 fidae
430 2335 555 2405 comitis
568 2335 700 2405 vocibus
711 2338 923 2426 acquiescens,
938 2336 1022 2403 illico
1037 2356 1120 2422 equo
1137 2329 1299 2401 descendit

107 2464 140 2515 et
158 2470 289 2517 murum
309 2449 461 2531 ascendit,
481 2451 658 2519 vociferans
678 2476 711 2520 se
726 2452 880 2534 deditum,
896 2453 922 2518 si
943 2453 992 2519 cui
1012 2475 1046 2518 se
1071 2448 1165 2518 dedat
1185 2448 1300 2537 dignus
1344 2483 1348 2491 ·

108 2563 305 2631 nominetur.
352 2582 429 2633 tunc
452 2563 581 2654 quidam
596 2589 653 2655 pet
670 2567 768 2635 scalas
788 2566 977 2634 ascendens:
999 2592 1016 2629 «
1031 2563 1111 2632 dede
1126 2582 1169 2646 te,
1187 2561 1299 2651 lnquit,

108 2676 255 2767 Ughetto
279 2677 320 2747 de
343 2678 373 2746 la
395 2680 562 2769 Campana
585 2681 770 2750 conestabili
795 2696 911 2748 meon.
957 2697 1090 2746 vocatus
1109 2697 1203 2767 atque
1225 2675 1299 2744 inde

108 2794 295 2885 appellatus,
308 2797 428 2886 inquit:
448 2824 465 2862 a
482 2799 675 2888 recipiamne
689 2818 733 2882 te,
745 2823 864 2879 comes,
881 2797 960 2865 mihi
976 2795 1130 2878 deditum,
1147 2796 1201 2885 qui
1218 2816 1300 2861 mer·

18 2933 81 3000 105
108 2915 255 2983 cenarius
277 2914 371 2982 miles
393 2916 493 2984 sum?
538 2917 617 2985 dede
635 2937 667 2985 te
687 2916 833 2986 luchino
849 2915 1039 2983 Vicecomiti
1064 2915 1173 2982 Mattei
1187 2911 1254 2979 filio
1268 2937 1298 2993 »3

108 3026 224 3097 deinde
238 3028 417 3118 subiungit:
435 3049 498 3098 «et
512 3006 682 3100 Francisco
694 3031 734 3100 de
749 3029 963 3119 Garbagnate,
986 3029 1040 3116 qui
1056 3048 1115 3094 nos
1129 3026 1209 3115 regit
1224 3052 1240 3089 u
1253 3025 1298 3090 (Ι).

160 3529 199 3585 (a)
212 3528 274 3574 Mu.
288 3526 369 3573 adure
422 3530 459 3584 (b)
474 3529 532 3574 ilar.
548 3528 590 3572 istu

144 3699 189 3773 (1)
209 3703 235 3756 A
247 3714 345 3773 questo
359 3701 455 3757 vivace
470 3699 593 3772 epiaodio
609 3701 632 3755 si
648 3717 687 3753 ar·
731 3700 765 3753 da
783 3700 877 3753 Marco
893 3697 1027 3761 Visconti,
1042 3697 1164 3751 l’audace
1179 3695 1254 3768 liglio
1274 3695 1301 3750 di

108 3782 224 3838 tentala
240 3801 358 3840 cronaca
375 3786 401 3838 di
417 3784 554 3839 Giovanni
569 3784 603 3837 da
621 3784 687 3838 Cer·
731 3783 843 3848 Matteo,
861 3781 905 3835 nel
924 3781 1067 3834 decembre
1086 3779 1113 3833 di
1137 3779 1300 3851 quell’anno.

108 3875 235 3933 menate;
260 3866 287 3921 la
311 3866 402 3940 quale,
421 3880 595 3932 certamente,
614 3867 687 3938 dopo
731 3866 761 3919 B.
785 3865 923 3929 Mortuum,
946 3863 1041 3917 Chron.
1060 3862 1166 3916 Madau.
1185 3863 1219 3927 ΙΙ,
1243 3876 1302 3926 xix,

109 3966 174 4004 aver
184 3964 294 4004 narrata
302 3950 330 4005 la
343 3950 541 4023 capitolazione
553 3948 597 4003 del
607 3961 687 4004 conte
736 3965 801 4003 1110
816 3965 831 4001 e
850 3964 917 4018 sgg„
931 3946 980 4001 che
999 3946 1166 4017 largamente
1186 3945 1209 3999 si
1227 3942 1301 3997 valse

109 4032 244 4088 Guidetto
263 4034 290 4088 di
311 4034 466 4105 Langosco,
481 4033 592 4104 seguiva
607 4049 687 4105 passo
732 4031 777 4086 del
800 4043 893 4085 nostro
921 4030 964 4094 A„
991 4045 1070 4081 narra
1096 4025 1151 4081 tale
1179 4027 1301 4098 acquisto

108 4133 192 4187 passo
211 4117 238 4171 le
256 4119 376 4190 imprese
395 4117 504 4171 militari
519 4117 547 4170 di
562 4117 687 4171 Luchino
731 4115 777 4169 nel
801 4131 859 4185 cap.
887 4127 981 4176 x1x,e
1006 4112 1032 4165 la
1062 4127 1109 4164 sua
1133 4110 1302 4175 narrazione,

108 4200 245 4268 Visconti,
257 4202 284 4256 di
300 4203 415 4256 Simone
425 4200 556 4267 Crivello‚
569 4201 596 4255 di
608 4201 688 4254 Fran·
733 4199 819 4254 anche
838 4214 866 4251 se
882 4213 937 4250 non
952 4207 1030 4248 tratta
1049 4193 1093 4246 dal
1109 4207 1203 4247 nostro
1222 4204 1302 4259 testo,

109 4299 193 4337 cesco
205 4284 241 4337 da
251 4283 435 4354 Garbagnate.
459 4282 687 4346 Probabilmente,
732 4286 786 4354 pub
803 4294 979 4350 compensare
998 4275 1113 4348 qualche
1133 4275 1252 4345 capitolo
1274 4274 1302 4329 di

108 4383 192 4422 come
215 4367 261 4438 gia
285 4366 462 4421 avvertivail
485 4365 597 4433 Giulini‚
616 4364 635 4418 il
655 4365 686 4419 C.
732 4366 822 4438 quella
832 4378 905 4436 parte
919 4362 989 4416 della
999 4375 1115 4414 cronaca
1128 4358 1155 4412 di
1166 4358 1302 4414 Giovanni

108 4450 179 4504 deve
192 4468 259 4505 aver
268 4462 429 4517 accennato,
443 4450 515 4504 nella
528 4462 603 4521 parte
616 4447 688 4503 della
732 4451 766 4503 da
785 4448 958 4510 Cermenate,
974 4444 1025 4498 che
1041 4446 1055 4495 e
1073 4441 1145 4497 forse
1165 4443 1303 4497 irremissi-

110 4551 230 4590 cronaca
243 4535 295 4590 che
307 4551 366 4590 non
379 4534 514 4601 abbiamo,
525 4535 559 4588 ad
571 4551 607 4587 un
620 4532 687 4586 fatto
732 4533 860 4586 bilmente
893 4528 1011 4600 perduta.
1071 4524 1113 4580 cf.
1142 4527 1301 4593 Donumus,

109 4618 208 4673 d’armi
218 4617 582 4690 vantaggiosope’Milanesi
593 4632 687 4689 presso
732 4617 818 4671 Krilr'lz
832 4632 877 4684 qur
889 4610 1001 4680 Quellcn,
1019 4627 1043 4680 p.
1062 4624 1111 4664 100
1130 4627 1144 4664 e
1164 4626 1260 4683 sgg.,e
1276 4610 1303 4665 la

110 4702 243 4768 Mortara,
262 4719 310 4774 per
329 4701 376 4773 poi
391 4702 486 4773 aprirsi
503 4701 529 4755 la
547 4701 591 4755 via
610 4716 626 4753 a
645 4698 688 4752 de
732 4697 889 4753 Prefazione
902 4692 928 4747 al
940 4704 1064 4765 presente
1082 4693 1203 4751 volume.

109 4786 231 4842 scrivere
245 4786 273 4840 la
288 4785 432 4858 conquista
443 4786 472 4840 di
484 4784 608 4840 Tortona
622 4782 686 4836 latta
