3142 5730
389 505 416 558 1.
443 504 501 559 ua:
529 503 844 560 unumunurn.
1152 508 1211 573 119

172 779 178 791 .
227 725 271 792 ibi
287 726 463 794 retribuens
486 725 649 810 militibus,
667 750 764 816 quarn
786 728 892 816 potuit
915 749 1099 816 recuperare
1117 751 1213 817 pecu·

169 864 237 909 mm
256 843 389 931 partitus
408 861 466 910 est
513 841 628 912 deinde
651 843 806 911 Pisanum
829 865 866 910 ac
884 843 1078 911 Ianuensem
1102 862 1213 933 portus

182 957 291 1026 classis
314 957 426 1047 plenos
449 980 518 1028 esse
545 958 642 1026 iubet.
687 960 823 1026 nuncios
842 959 876 1025 in
899 958 1101 1026 Alamaniam
1126 960 1213 1026 misit

168 1078 277 1141 uarios
305 1093 501 1165 cunctosque
519 1073 630 1144 fideles
653 1098 740 1158 suos,
757 1073 861 1142 filium
884 1098 1013 1164 quoque
1037 1075 1214 1143 Bohemiae

168 1190 319 1274 olicitans,
335 1210 370 1259 ut
384 1191 489 1259 accitis
504 1191 646 1281 undique
661 1191 821 1280 gentibus,
835 1215 899 1258 una
913 1193 947 1259 in
962 1190 1109 1281 ltaliaml
1125 1191 1164 1260 ad
1180 1215 1214 1260 se

168 1307 273 1374 armati
288 1309 432 1380 ,veniant
479 1307 600 1376 amicos
619 1325 714 1397 atque
733 1305 856 1376 deditos
879 1305 1020 1396 undique
1039 1331 1095 1396 per
1118 1309 1215 1376 Lom-

191 1422 349 1489 suscitans
381 1421 480 1490 literis
504 1437 598 1512 atque
632 1421 769 1504 nunciis,
792 1441 828 1489 ut
858 1423 1004 1511 equitum
1037 1422 1215 1491 subsidium

168 1537 302 1604 namine
326 1537 417 1605 citius
440 1536 541 1605 ferant
563 1537 633 1618 sibi,
657 1535 861 1605 Fredericum
880 1535 1006 1605 Siciliae
1024 1560 1135 1626 regem
1162 1559 1214 1603 so-

168 1650 330 1741 ignificans
357 1654 516 1721 intentum
538 1674 644 1735 suum,
664 1671 699 1721 ut
722 1672 861 1721 armatae
884 1652 992 1720 classis
1016 1675 1052 1720 ac
1075 1652 1215 1721 militum

175 1767 271 1836 faciat
301 1786 499 1858 apparatum,
516 1786 553 1838 nt
574 1792 656 1858 quae
674 1769 756 1837 intra
779 1792 813 1836 se
836 1768 968 1836 consilia
992 1786 1216 1857 conceperant,

168 1901 227 1951 tur.
275 1906 349 1952 nam
370 1886 491 1953 cunctis
509 1883 629 1954 viribus
647 1903 728 1952 terra
747 1886 890 1974 marique
906 1907 1017 1973 regem
1036 1883 1215 1954 Robertum

168 1999 380 2089 Apuliamque
397 1999 553 2068 hostiliter
566 2022 722 2089 occupare
738 1998 954 2069 decreverant.
1002 2000 1107 2089 ipsum
1124 2022 1215 2066 nam-

168 2134 295 2197 >ertum,
314 2116 498 2206 priusquam
518 2114 692 2184 discederet
708 2117 799 2199 Pisis,
823 2117 913 2182 omni
937 2137 1038 2204 regno
1061 2116 1216 2204 omnique

167 2253 193 2298 re
204 2231 373 2321 privilegio
388 2233 519 2313 honoris
535 2252 567 2301 et
586 2231 747 2321 dignitatis
770 2233 897 2320 privans
911 2230 957 2313 (²),
985 2248 1094 2298 contra
1110 2231 1216 2319 ipsum

167 2345 277 2415 sellem
293 2364 324 2414 et
343 2347 539 2436 proditorem
562 2347 686 2437 imperii
705 2348 837 2415 extremi
856 2347 1001 2437 supplicii
1024 2347 1216 2414 sententiam

167 2560 216 2598 sso
231 2542 399 2615 Poggibonsi
413 2542 433 2597 il
448 2559 547 2615 campo
560 2544 594 2598 ri·
641 2543 810 2597 «Baudoino
823 2542 1032 2615 archiepiscopo
1049 2540 1216 2608 Triverensi,

167 2627 264 2683 >all'8
292 2628 320 2682 di
347 2645 449 2683 marzo.
486 2628 526 2682 La
550 2629 594 2682 via
640 2626 779 2681 «domino
804 2626 925 2681 Henrico
950 2627 1081 2699 episcopo
1103 2625 1216 2681 Triden·

167 2712 378 2785 tl’imperatore
397 2729 444 2784 per
463 2715 593 2767 recarsia
641 2712 722 2765 «tino
756 2709 919 2765 cancellario
953 2710 1075 2765 eiusdem
1110 2710 1215 2764 domini

167 2797 510 2853 uncordemeuteindicata
522 2797 594 2852 dalle
641 2795 847 2868 «imperatoris,
871 2794 985 2850 domino
1014 2794 1140 2849 Amadeo
1160 2810 1217 2848 co·

167 2896 344 2953 emporanee.
378 2880 421 2936 cf.
435 2881 510 2937 Gesta
523 2880 594 2935 Bald.
641 2879 732 2933 «mite
752 2879 913 2946 sabaudiae,
932 2879 1047 2933 domino
1069 2878 1149 2932 fratre
1171 2877 1216 2932 Ni·

167 2981 197 3026 :.;
215 2963 408 3021 Nrc.130m.1.
423 2981 461 3031 c.;
481 2965 514 3019 G.
531 2967 595 3020 Vn·
643 2962 767 3016 «cholao
778 2962 908 3034 episcopo
919 2961 1090 3027 botrontino,
1101 2961 1215 3015 domino

183 3063 290 3104 xuvm:
320 3049 443 3104 «Tomh
463 3067 478 3103 a
497 3050 594 3104 Pisaa
641 3047 787 3102 «Henrico
827 3048 860 3101 de
890 3046 1016 3101 FlandtIa
1045 3047 1215 3111 mariscalco,

167 3149 255 3187 marzo
277 3149 342 3204 13¹2
363 3134 397 3204 [s.
416 3133 488 3204 fior]
507 3134 595 3204 (l’irn-
639 3132 779 3185 «domino
809 3132 902 3202 Aymo
930 3133 964 3186 de
997 3131 1101 3185 Blanco
1128 3131 1216 3184 Marte

167 3218 302 3287 :)assaiin
318 3219 475 3272 molestato
492 3218 594 3273 disee
641 3215 713 3287 «(cf.
733 3228 798 3270 uota
817 3231 842 3281 2,
864 3234 890 3287 p.
918 3214 1120 3283 116),domino
1141 3213 1217 3267 Tho-

167 3301 253 3356 entia.
287 3301 379 3355 «Post
393 3301 444 3355 hec
460 3302 594 3369 dieiovis,
641 3317 712 3354 ema
754 3300 787 3353 de
821 3297 1073 3370 septemfontibus,
1101 3297 1215 3352 domino

176 3397 273 3438 octava
292 3384 393 3440 mensis
408 3386 507 3451 martii,
522 3402 595 3457 sepa·
642 3384 779 3439 «Thoma
798 3384 832 3438 de
852 3383 1008 3447 selvedere,
1023 3382 1138 3437 domino
1156 3382 1217 3453 Egi·

169 3480 323 3538 cumgente
337 3467 501 3521 suaadicto
515 3467 595 3531 loco;
642 3468 713 3521 adio
743 3467 913 3523 thesaurario
947 3466 1070 3520 eiusdem
1102 3466 1217 3535 domini,

168 3566 215 3622 psa
234 3549 279 3604 die
297 3567 382 3622 usque
398 3550 430 3604 ad
446 3563 546 3605 terram
560 3551 601 3605 de
642 3551 782 3606 «domino
805 3550 939 3604 halduino
959 3551 992 3603 de
1011 3550 1216 3617 Moncornetto,

166 3680 168 3685 .
182 3634 210 3688 in
226 3635 347 3690 districtu
360 3635 493 3700 Pharum,
504 3647 531 3690 et
541 3635 593 3689 alia
640 3634 779 3691 «domino
791 3634 915 3690 Iohanne
931 3636 964 3688 de
981 3635 1084 3689 Sancto
1098 3634 1216 3689 Lauren·

168 3718 241 3772 uenti
265 3719 313 3773 ivit
341 3720 374 3772 ad
412 3719 593 3774 Sansavinum
640 3719 713 3784 «tio,
741 3719 854 3788 domino
879 3717 1003 3772 Ansaldo
1031 3719 1064 3772 de
1093 3718 1218 3773 Gondrc·

166 3801 265 3856 ivitate
291 3802 425 3870 Pisatutn,
448 3816 476 3858 et
499 3816 593 3875 postea
640 3826 654 3855 r<
666 3816 750 3870 corte,
762 3801 929 3878 priucipibus
945 3814 971 3856 et
984 3803 1130 3858 baronibus
1146 3805 1216 3858 eius·

176 3885 254 3944 Pisas
275 3884 359 3941 altera
384 3887 427 3942 die
456 3889 592 3959 sequenti:
640 3909 654 3938 r
666 3889 729 3941 dem
748 3886 853 3943 domini
872 3887 1053 3958 imperatoris,
1068 3900 1094 3942 et
1114 3888 1214 3942 comite

166 3968 185 4022 it
194 3970 296 4024 dictum
312 3983 430 4024 castrum
447 3971 480 4025 de
496 3971 594 4027 Podio·
641 3993 655 4022 <r
666 3971 754 4026 sindo
773 3972 807 4024 de
821 3970 922 4026 Sancta
941 3970 1022 4025 Flora
1037 3971 1084 4044 (cf.
1104 3984 1169 4026 uota
1191 3987 1216 4037 2,

166 4069 220 4109 ¹ene
230 4048 413 4148 munituhqde
426 4068 505 4126 gente
517 4068 544 4111 et
558 4056 595 4109 vi·
642 4073 692 4127 «p.
709 4053 780 4125 116),
793 4055 907 4114 domino
921 4054 1102 4126 Uguiccione,
1113 4055 1215 4109 comite

166 4153 215 4191 s».
242 4138 336 4192 Diario
347 4138 374 4192 di
386 4156 430 4192 ser
443 4138 594 4195 Grovnuur
641 4140 700 4193 «de
715 4139 865 4204 Marciano,
880 4139 960 4193 Neno
975 4139 1065 4193 Iannis
1084 4139 1117 4192 de
1136 4139 1215 4203 Pisis,

166 4236 174 4274 )
192 4221 221 4274 in
239 4237 284 4293 op.
303 4222 348 4277 cit.
366 4240 392 4294 p.
415 4223 472 4293 183.
641 4246 654 4274 «
666 4224 768 4278 comite
778 4223 811 4278 de
822 4223 1001 4287 Douotatico,
1015 4224 1127 4276 domino
1142 4222 1217 4293 Ugu-

180 4304 209 4358 in
228 4307 384 4373 nursicus,
400 4309 476 4374 Aria,
493 4308 527 4375 11,
546 4325 591 4381 193
642 4329 655 4357 u
665 4309 721 4361 lino
736 4308 769 4361 de
782 4306 892 4372 Vichio,
903 4307 1016 4360 domino
1027 4306 1124 4360 Vanoe
1135 4306 1214 4372 Ceno

166 4404 178 4441 a
205 4389 440 4444 interlocutio
472 4404 593 4446 contra
642 4392 699 4446 «de
723 4388 903 4444 Laulranchis
936 4389 969 4443 de
994 4390 1072 4454 Pisis,
1100 4389 1214 4443 domino

175 4472 366 4527 Robertum
403 4475 445 4528 de'
477 4490 507 4529 12
539 4474 595 4529 feb·
641 4498 654 4525 ι(
669 4474 769 4540 Giano,
784 4474 897 4528 domino
919 4472 1092 4544 Torrigiano,
1108 4486 1135 4527 et
1150 4474 1217 4528 Cat-

171 4573 182 4626 ς
203 4556 292 4611 datata
320 4558 364 4611 dal
390 4559 483 4613 Monte
509 4561 595 4631 Impe-
642 4558 782 4611 abonede
796 4557 929 4623 Cerchiis,
946 4556 1216 4621 TadeodeUbettis,

165 4639 274 4693 ¹iliniato
290 4640 314 4694 al
331 4640 479 4711 Tedesco)‚
499 4641 594 4695 «lecta
642 4663 656 4692 α
668 4642 813 4695 Baschiera
831 4642 865 4694 dc
885 4641 910 4694 la
930 4640 1014 4707 Tosa,
1031 4654 1057 4695 et
1077 4642 1218 4696 Baldinac·

166 4735 228 4777 cata
248 4725 416 4795 presentibus
434 4724 594 4779 venerabili·
643 4747 656 4774 e
668 4726 712 4779 cio
728 4726 761 4779 de
781 4724 968 4790 Adimaribus,
988 4739 1015 4780 et
1043 4726 1102 4780 aliis
1124 4726 1217 4781 multis

166 4808 248 4864 uibus
278 4821 305 4869 et
334 4809 452 4871 dominis
482 4811 595 4873 domiuo
645 4810 816 4872 «testibus».
