3142 5730
108 443 152 510 70
576 428 841 488 nrsroura

109 661 218 741 libera,
232 678 265 728 et
276 657 371 726 rebus
389 656 555 745 hospitum
564 651 672 732 salvis,
684 667 834 718 mereatu
852 648 969 714 vivant
984 644 1032 726 (¹),
1049 642 1154 731 quippe
1164 638 1256 706 floreno
1320 637 1335 652 “’

110 800 184 846 rum
199 774 490 844 mediolanensium
507 770 549 838 ad
559 790 619 836 tos
630 769 770 836 veniunt
779 765 881 856 pleni.
928 762 1080 851 exponite
1091 780 1141 847 per
1150 757 1256 824 vicosve
1307 749 1331 761 ”

111 893 208 972 nalia,
225 890 340 980 quibus
352 906 462 977 egent,
480 905 513 954 et
526 885 657 974 implete
671 880 943 971 bursaslvestras
959 874 1140 944 nummis».
1176 867 1259 950 deinde,
1308 860 1335 904 ἶ

112 1008 216 1096 largas
238 1003 377 1073 stmdens
394 1004 565 1089 lacryma,
581 1016 656 1089 post
677 1017 861 1088 stuporem,
884 993 1043 1062 ultimum
1064 987 1182 1056 verbum
1199 983 1259 1052 dixit:
1310 998 1335 1020 *-

118 1116 347 1197 «Deliberate3
366 1114 484 1182 malitis
500 1113 619 1201 potius,
637 1133 713 1178 cum
728 1127 823 1176 tanto
841 1106 1033 1176 discrimine
1050 1121 1158 1182 vestro,
1170 1114 1260 1165 mortem
1285 1102 1288 1107 ’
1312 1104 1335 1134 ··’

115 1249 270 1309 nostram,
288 1250 388 1317 quam
402 1248 463 1294 vos
476 1244 586 1293 restro
597 1221 775 1322 commodo
786 1220 965 1290 nobiscum
977 1219 1088 1285 salvos
1102 1213 1201 1283 essela
1233 1209 1261 1275 lis
1312 1209 1335 1249 ²

116 1347 262 1432 lacrymis
281 1345 368 1410 cives
381 1343 471 1423 victi,
483 1340 630 1430 pandunt
642 1338 829 1406 Theutonis
840 1334 931 1404 urbis
947 1352 1070 1424 portas
1114 1348 1181 1397 tunc
1191 1343 1262 1394 onnes
1315 1324 1335 1365 ἱ

118 1459 363 1528 introducuntur
380 1476 524 1524 extorres
542 1474 576 1523 et
593 1455 802 1544 antiquorum
820 1450 961 1519 exulum
976 1467 1129 1517 natorum
1144 1444 1206 1523 nati,
1217 1459 1264 1528 quo
1317 1438 1334 1479 Γ

117 1600 189 1644 rum
207 1574 350 1664 plerique
368 1575 517 1641 nesciunt
534 1571 652 1639 domos
670 1590 745 1636 suas
757 1567 806 1636 (²).
1320 1551 1330 1563 ⁵

184 1693 227 1757 At
240 1689 294 1757 ubi
306 1713 363 1757 rex
376 1689 521 1756 deditam
532 1687 645 1756 urbem
656 1685 786 1774 recepit,
799 1682 995 1763 exercitum,
1010 1702 1110 1769 quem
1122 1692 1213 1745 contra
1220 1671 1269 1738 lu·
1323 1666 1335 1706 ²

119 1808 233 1874 denses
252 1805 403 1886 edixerat,
422 1806 507 1873 illico
526 1825 622 1894 atque
640 1801 811 1870 instantius
829 1800 983 1888 parari(¹)
1002 1798 1106 1879 iussit,
1125 1795 1271 1864 Cremonen·
1330 1896 1335 1903 ἡ

119 1923 206 1988 sibus
229 1944 265 1988 ac
280 1921 497 1988 Brixiensibus
512 1920 639 2009 publice
653 1915 799 1985 hosnltus
815 1915 993 1996 nunciatis,
1009 1932 1148 2003 quorum
1164 1925 1232 1976 nott
1243 1902 1275 1968 dt
1331 1928 1335 1935 ·

121 2035 216 2102 lectio
228 2035 369 2123 exagitat
379 2035 521 2102 nimium
532 2052 677 2101 mentem
688 2033 769 2098 eius.
799 2031 920 2118 itaque,
933 2024 1278 2118 iteratapraeconisvott·
1334 2013 1335 2018 ἵ

122 2150 256 2218 edicitur
274 2152 306 2216 in
329 2149 402 2217 loro
429 2149 609 2239 iustitium]
624 2147 773 2216 tabernas
796 2145 933 2227 clausas,
957 2164 1042 2234 quas
1061 2142 1207 2212 stationes
1223 2154 1304 2224 loct]

122 2285 205 2344 mus,
223 2263 370 2329 victualia
389 2280 496 2351 parata
504 2263 551 2345 θ),
571 2281 666 2351 atque
678 2260 827 2328 vehicula
846 2259 931 2327 intra
947 2258 1067 2327 urbem
1087 2278 1191 2326 coram
1207 2247 1285 2320 officit

121 2379 204 2445 libus
215 2377 256 2444 ad
268 2377 332 2445 hoc
346 2377 504 2468 deputatis
518 2378 722 2467 praesentari,
736 2394 939 2463 cunctosque
950 2375 1009 2464 qui
1023 2396 1084 2465 per
1095 2386 1223 2440 aetatem
1232 2382 1288 2433 arm

122 2493 203 2561 ferre
216 2512 363 2581 possunt,
375 2494 466 2582 equis
477 2512 510 2561 et
521 2494 617 2560 armis
629 2492 715 2559 illico
726 2509 855 2582 paratos
865 2513 948 2559 ease.
996 2510 1078 2559 tunc
1094 2507 1180 2558 tanta
1193 2509 1228 2554 ex
1237 2478 1291 2571 agri5

123 2610 156 2675 in
171 2606 284 2674 urbem
295 2606 610 2698 plaustrorum(que)
626 2607 719 2697 copia
730 2606 913 2675 introducta
929 2625 990 2687 est,
1006 2626 1045 2675 ut
1064 2628 1135 2675 non
1150 2600 1239 2672 modo
1249 2596 1294 2664 foa

124 2740 156 2788 et
173 2720 233 2787 alia
244 2719 313 2786 loca
326 2723 524 2802 communia,
536 2744 651 2789 vetum
664 2721 898 2789 ooenobiorum
910 2738 944 2789 et
956 2720 1098 2790 aliamm
1112 2719 1296 2808 religiosarum
1313 2709 1334 2800 tl

125 2836 298 2904 domorum
316 2837 417 2923 spatia
432 2836 580 2924 plaustris
596 2837 682 2903 illico
696 2835 791 2925 plena
805 2835 899 2904 fiunt
946 2838 1071 2927 quippe
1087 2836 1128 2904 ad
1146 2835 1206 2903 hoc
1219 2825 1299 2899 confe-

127 2972 200 3021 nmt
231 2952 408 3040 burgorum
439 2973 534 3042 atque
561 2953 758 3043 oppidorum
789 2956 991 3035 communia,
1021 2955 1151 3044 quibus,
1178 2944 1301 3037 obsequio

128 3068 221 3156 regis,
240 3066 328 3155 quod
347 3066 475 3133 insolita
494 3087 588 3155 atque
607 3090 693 3134 nova
711 3091 761 3134 res
778 3087 838 3149 est,
856 3069 1061 3149 immunitas,
1079 3088 1113 3137 et
1131 3067 1250 3154 antiqua
1262 3059 1303 3150 pti·

128 3182 245 3269 vilegia
257 3180 336 3247 nihil
350 3197 497 3269 prosunt,
506 3182 584 3269 quin
597 3180 629 3248 id
640 3204 739 3268 grave
752 3204 881 3271 semper
896 3203 982 3251 onus
995 3184 1137 3265 rusticis,
1146 3201 1251 3249 verum
1261 3177 1305 3243 hoc

130 3316 275 3382 tempore
292 3293 388 3360 solito
404 3292 514 3361 durius
532 3295 678 3360 maximo
696 3292 818 3362 damno
841 3293 958 3380 ferunt
1007 3320 1087 3363 nam
1108 3291 1264 3363 Theutoni
1275 3284 1306 3365 Ι),
1325 3307 1334 3372 3

123 3424 302 3497 'postquam
327 3406 441 3474 urbem
470 3407 611 3494 undique
639 3407 817 3498 vehiculis}
834 3409 968 3498 plenam
995 3408 1122 3492 vident,
1146 3431 1211 3476 non
1232 3398 1308 3471 modo

188 3653 216 3703 (al
232 3650 293 3694 liar.
307 3650 383 3706 mari
437 3651 470 3704 lb)
481 3650 541 3693 Mar.
556 3659 638 3706 μου
706 3653 738 3707 (e)
753 3653 796 3696 Bl·
809 3653 865 3710 quin
879 3651 1018 3697 vehicularia
1032 3652 1154 3711 obsequia.
1167 3663 1234 3710 grave
1245 3653 1312 3700 mlii

134 3742 192 3773 onus
204 3730 295 3774 masticis
304 3731 413 3778 villarum.
422 3739 534 3786 prusam
543 3740 663 3786 conantum
682 3744 762 3775 return
770 3731 814 3776 boc
823 3741 924 3789 ternpore
932 3733 1002 3777 solito
1010 3733 1093 3778 durius
1101 3745 1130 3777 ac
1139 3732 1312 3777 minucium

135 3822 185 3853 turn
193 3810 349 3866 burgensium,
363 3809 526 3865 oppidanorum
539 3823 566 3853 ac
580 3811 717 3855 rusticorum
730 3812 816 3855 damno
831 3813 887 3857 illud
900 3825 961 3857 onus
975 3813 1032 3859 init:
1046 3826 1103 3858 uam
1116 3812 1231 3859 Theutoni

173 4021 301 4093 (1)Cl.in
314 4023 455 4095 proposito
468 4023 544 4077 l'atto
559 4023 631 4077 della
644 4026 730 4096 paci·
760 4026 821 4097 898,
837 4027 889 4080 che
904 4044 921 4079 a
936 4029 1081 4099 proposito
1096 4029 1143 4084 del
1156 4026 1269 4102 periculo
1280 4017 1316 4075 mi·

139 4107 269 4161 licaaione
280 4107 307 4161 di
317 4107 386 4162 Lodi
394 4108 713 4180 pubblicatoeillustrato
759 4110 903 4164 nacciante
930 4111 1003 4166 Lodi
1033 4114 1149 4168 scrisse:
1180 4106 1316 4184 apraedlcfl

140 4193 184 4245 dal
192 4192 328 4257 l'toxarr,
343 4211 387 4264 op.
401 4195 448 4248 cit.
460 4194 508 4257 ΙΙΙ,
521 4210 638 4249 xcvrne
653 4212 713 4266 sgg.
760 4208 846 4249 «acta
864 4209 928 4250 sunt
947 4198 1021 4250 circa
1046 4198 1133 4253 finem
1160 4187 1318 4264 Quadragoi

175 4279 218 4346 (2)
235 4278 332 4341 Questi
351 4278 410 4331 fatti
425 4279 528 4350 esposti
542 4279 587 4331 dal
606 4280 639 4333 C.
659 4296 712 4333 con
759 4301 773 4327 α
785 4296 886 4344 mae»;
899 4270 1318 4354 insatu,amezzoi1cap.lllll=

140 4373 214 4412 tanta
227 4361 335 4414 vit-ezra
351 4361 529 4415 drammatica
541 4362 712 4433 siriportano
759 4362 778 4415 il
788 4363 821 4416 C.
835 4364 909 4436 dopo
926 4381 1007 4418 avere
1021 4382 1177 4422 accennato
1193 4367 1219 4420 al
1230 4355 1319 4432 viaggi⁰

143 4442 196 4511 agli
215 4442 302 4495 ultimi
325 4444 415 4514 giomi
439 4447 467 4498 di
491 4448 644 4516 quareaima
669 4446 713 4499 del
759 4448 785 4499 di
801 4447 901 4501 Euticu
914 4447 966 4501 Vll
983 4449 1109 4517 aPavia,
1121 4468 1138 4505 e
1152 4441 1322 4505 anaconclia·

147 4539 219 4591 ¹3¹¹·
255 4526 295 4579 Lo
317 4545 439 4599 provano
457 4529 572 4584 l'ordine
591 4530 635 4584 del
660 4547 715 4583 rac·
760 4532 838 4584 aione
854 4531 881 4584 di
901 4531 940 4584 lui
955 4548 1009 4585 con
1025 4533 1132 4588 lllatteo
1148 4534 1278 4596 visconti,
1289 4537 1323 4578 at·

143 4622 226 4661 conto
241 4610 313 4663 nella
328 4626 421 4666 nostra
437 4629 564 4675 cronaca,
583 4632 598 4667 e
616 4613 643 4667 la
658 4631 715 4684 pre
759 4627 848 4667 verte:
873 4615 943 4666 «Ad
963 4615 1016 4668 alia
1034 4620 1236 4672 transeundum
1254 4625 1289 4670 est
1303 4615 1324 4658 ΙΙ

143 4691 216 4744 alosa
245 4695 452 4749 testimonianza
483 4697 510 4751 dl
538 4697 602 4752 Nic.
625 4698 714 4752 Bora.
762 4698 854 4751 «haec
871 4699 959 4768 aptius
978 4699 1060 4753 nobis
1079 4715 1262 4756 occurrant».
