3142 5730
164 462 227 526 126
631 470 881 530 HISTORIA

161 698 315 788 cupario.
359 698 448 767 unde
464 698 505 766 ad
523 718 612 766 m
629 697 747 765 conciti
764 697 872 764 socios
894 714 928 764 et
942 697 1068 764 amicos
1087 713 1217 776 vocent,
1232 717 1266 763 ac
1282 718 1335 762 rm·

159 835 230 902 gno
246 814 387 882 exercitu
400 831 609 903 congregato,
621 811 662 879 ad
674 831 812 882 cestrum
826 811 867 880 de
883 811 1060 882 Camaiore
1074 810 1200 880 duobus
1214 809 1332 878 millibm
1373 828 1376 839 ·

159 950 311 1018 passuum
334 929 535 996 Petrasancta
560 927 681 997 distans
701 928 839 997 veniunt
865 927 1050 1017 iterumque
1072 927 1113 995 ad
1141 925 1269 995 reditum
1287 926 1326 995 Pi
1341 942 1371 1013 ις

159 1067 258 1113 sanos
267 1044 415 1114 obsident
427 1045 474 1127 (⁸),
490 1045 546 1134 qui
559 1065 697 1113 numero
714 1044 859 1133 equitum
874 1063 970 1134 atque
984 1042 1132 1134 peditum
1142 1043 1266 1110 nimium
1278 1043 1322 1110 im
1369 1126 1373 1131 .

159 1181 261 1248 pares,
283 1181 346 1250 qua
373 1179 539 1241 venerant,
561 1159 653 1227 Pisas
681 1158 786 1228 redire
816 1181 884 1228 non
907 1157 1035 1228 audent.
1083 1175 1175 1227 erant
1202 1158 1317 1226 enimin

159 1274 300 1342 exercitu
319 1275 453 1342 Lucano
466 1274 533 1343 dno
547 1273 646 1342 millia
663 1275 809 1363 equitnm
827 1291 859 1342 et
877 1294 943 1342 mm
963 1273 1064 1342 millia
1077 1272 1229 1364 peditum
1241 1294 1318 1362 neque

160 1388 244 1457 alind
263 1390 324 1457 iter
340 1390 464 1458 Pisanis
481 1408 588 1459 tutum
605 1408 664 1458 est.
709 1412 797 1472 nam,
812 1389 868 1479 qui
881 1389 969 1458 solus
982 1406 1092 1471 restat,
1107 1410 1233 1479 passum
1247 1388 1316 1456 marin

159 1505 243 1593 regis
276 1503 409 1574 Robemi
443 1503 684 1594 quatuordecim
713 1504 877 1594 galearum
909 1504 1017 1573 classis
1051 1503 1217 1572 obsessum
1245 1518 1313 1570 tenet
1330 1519 1354 1587 3⁰

160 1618 265 1684 Pisani
294 1635 404 1685 tamen
427 1617 581 1686 vadantes
603 1618 704 1707 ripam
727 1618 824 1686 maris
848 1633 922 1686 ante
944 1639 1000 1686 ora
1023 1615 1176 1700 hostium,
1199 1615 1246 1705 qui
1264 1616 1315 1684 liu·

160 1754 292 1800 cionem
310 1733 526 1823 propinquum
543 1733 631 1822 ripae
647 1732 745 1801 maris
760 1751 898 1800 castrum
913 1731 1063 1801 obstandi
1081 1753 1175 1801 causa
1187 1748 1313 1810 venerant,

159 1848 351 1916 transierunt
381 1847 595 1938 periculosum
626 1865 659 1914 et
679 1847 776 1915 nimis
798 1847 898 1916 alnum
928 1848 1024 1915 maris
1053 1847 1184 1931 vadum,
1206 1847 1313 1914 hostium

161 1964 313 2032 insultum
336 1964 408 2053 plus
426 1964 576 2033 timentes
590 1964 626 2018 P)
639 1962 684 2030 (²).

227 2079 349 2147 LXIII.
395 2078 444 2147 lio
462 2098 609 2169 tempore
626 2079 782 2148 militabat
800 2079 881 2148 Pisis
899 2078 1016 2147 nobilis
1039 2099 1071 2148 et
1090 2081 1233 2169 egregius
1250 2077 1315 2145 milo

161 2193 288 2276 Stmffa,
303 2193 313 2285 l
327 2195 534 2264 Brambancia
557 2214 667 2285 gente,
682 2197 771 2264 cuius
790 2217 911 2264 nomen
930 2195 963 2263 in
979 2197 1087 2264 castris
1106 2197 1193 2264 iuxta
1210 2194 1316 2263 Brixiam

161 2310 280 2378 clarum
296 2333 332 2378 ac
350 2313 418 2401 regi
436 2335 544 2380 carum
563 2311 758 2379 videraut».
804 2310 892 2379 hunc
910 2332 983 2379 cum
1001 2330 1065 2378 nx.
1084 2304 1316 2378 Theutonicisad

160 2444 297 2493 castrum
309 2427 393 2493 Vico
405 2427 558 2496 Pisanum
571 2445 759 2517 pergentem
773 2425 893 2509 hostes,
906 2425 961 2514 qui
973 2447 1114 2494 numero
1126 2443 1213 2494 erant
1226 2423 1317 2513 equite

161 2561 269 2609 mccc.
284 2540 331 2624 (ο),
346 2541 469 2631 pedites
484 2564 538 2611 nv.
555 2543 664 2625 millia,
683 2543 717 2610 in
732 2543 844 2610 itinere
863 2542 1003 2631 aggressi
1021 2560 1107 2610 sunt.
1153 2541 1195 2609 ibi
1215 2536 1318 2627 insignis
1336 2548 1347 2613 5

158 2678 266 2744 pugna
285 2678 321 2723 ac
350 2659 525 2725 memoriae
549 2657 646 2748 digna
676 2655 746 2741 fuit,
777 2658 930 2748 quoniam
950 2656 1040 2725 nullo
1065 2679 1207 2747 unquam
1228 2652 1320 2747 proelio

159 2770 286 2839 fortuna
294 2772 339 2840 ita
352 2773 460 2862 paucis
473 2775 609 2864 propitia
623 2771 691 2841 fuit.
739 2795 776 2841 ea
791 2796 932 2862 namque
947 2773 1156 2842 Lucanorum
1170 2767 1320 2847 multitudo,

159 2887 397 2956 Germanorum
416 2889 569 2977 parvitate
591 2908 736 2978 superata
759 2908 791 2957 et
809 2889 843 2956 iu
867 2887 1018 2956 conflictu
1041 2890 1146 2978 posita
1164 2908 1221 2971 est,
1242 2884 1323 2956 multis

159 3026 197 3070 ex
223 3003 423 3091 magnatibus
444 3005 542 3071 caesis
561 3005 732 3093 multisque
755 3004 853 3093 captis
884 3002 1090 3093 pluribusque
1113 3005 1214 3093 signis
1236 3001 1325 3070 miliu-

159 3116 244 3185 ribus
267 3119 432 3207 reportatis
456 3119 554 3200 Pisas,
583 3119 796 3187 inhonorem
819 3118 901 3186 beati
925 3118 1071 3208 martyris
1100 3120 1244 3209 Georgii,
1262 3115 1327 3186 cuius
1348 3110 1373 3159 ¹⁰

159 3256 280 3302 numen
304 3234 553 3323 imploraverant
576 3257 612 3301 ac
636 3257 758 3302 nomen
781 3236 847 3303 eius
873 3235 906 3302 in
931 3234 1014 3301 bello
1033 3234 1193 3318 dixerant,
1219 3237 1332 3303 victores

160 3374 283 3419 novum
298 3351 454 3440 templum
470 3350 642 3420 fundarunt
661 3352 693 3419 in
709 3351 785 3419 urbe
801 3351 916 3420 Pisana
934 3353 1020 3419 iuxta
1034 3369 1166 3419 stratam
1184 3352 1217 3421 S.
1235 3348 1334 3420 Martae

160 3469 324 3555 ipsamque
343 3467 510 3535 ecclesiam
534 3465 705 3556 magnifice
730 3466 919 3535 decorarunt
932 3466 978 3533 (⁴).

226 3581 345 3648 LXIV.
393 3583 481 3649 Dum
509 3582 543 3648 in
573 3581 713 3670 partibus
736 3581 875 3649 Tusciae
901 3582 1074 3670 imperator
1097 3604 1226 3650 moram
1250 3580 1344 3653 trahit,

161 3694 331 3777 Placentia,
345 3696 434 3764 cuius
451 3694 594 3764 custodia
612 3715 643 3764 et
655 3696 830 3765 iurisdictio
846 3696 962 3766 Galeaz
976 3697 1169 3766 Vicecomiti
1183 3700 1351 3766 commissa

160 3826 236 3891 erut,
259 3832 357 3898 prope
381 3811 503 3900 perdita
530 3810 599 3881 fuit.
644 3835 721 3881 nam
741 3834 849 3880 comes
878 3812 1026 3902 Philippo
1045 3812 1084 3881 de
1104 3814 1282 3902 Laugusco
1301 3816 1357 3882 Pa·

160 3925 228 4012 piae
258 3942 289 3992 et
312 3924 460 3994 Gibertus
483 3926 523 3994 de
543 3928 691 4017 Corrigia
710 3929 843 3995 Parmae
866 3947 898 3996 et
916 3930 1055 4017 partium
1079 3928 1361 3998 circumstantium

160 4038 558 4132 Guelphorumprincipes,
570 4044 808 4113 communicato
818 4043 964 4127 consilio,
972 4044 1081 4112 excitis
1090 4043 1238 4113 exulibus
1248 4045 1362 4115 Laude

161 4156 355 4248 aliarumque
379 4176 544 4242 terrarum,
566 4160 681 4250 quibus
711 4179 783 4228 ante
816 4161 947 4229 exilium
970 4160 1059 4229 domi
1078 4183 1155 4229 suae
1173 4163 1362 4229 maximum

213 4390 247 4442 ro)
263 4387 363 4434 liorem.
380 4391 399 4433 lt
417 4391 541 4449 iterumque
561 4392 589 4435 nd
610 4391 705 4437 reditum
726 4392 813 4437 PisnnIs
834 4393 936 4438 obsident
1031 4394 1068 4450 (b)
1083 4393 1143 4437 Mur.
1167 4407 1236 4452 quam
1257 4394 1358 4441 hostium

162 4464 268 4514 lrrsuitunt
283 4468 356 4513 inlutis
371 4469 473 4515 timentes
527 4472 562 4527 (r)
576 4471 636 4518 Mur.
652 4471 691 4530 qui
706 4485 799 4517 numero
813 4482 874 4517 erunt
891 4485 960 4518 ‚cccc¹
975 4472 1060 4529 pedites

106 4681 109 4694 '
196 4680 239 4746 (tl
251 4680 292 4736 (li.
304 4683 732 4751 (tsvurrsr,1x‚xrvm,xrrx.
814 4688 856 4758 (3)
875 4685 909 4741 V.
927 4686 1093 4742 Prefazione.

156 4842 157 4845 Ἴ
196 4768 239 4831 (nl
259 4765 301 4820 (tt.
315 4768 380 4822 Ain.
395 4768 537 4831 Mussnro,
550 4768 622 4836 XVI,
636 4770 732 4823 rubri.
815 4773 858 4839 (4)
878 4771 920 4825 Cf.
931 4774 1000 4827 Ans.
1017 4773 1163 4836 Mussnrm
1173 4769 1248 4838 XVI,
1258 4772 1329 4827 rubr.
1339 4788 1355 4827 1.
