3142 5730
343 508 369 561 1.
397 507 456 562 DE
484 506 800 566 CERMENATE.
1107 513 1164 580 113

181 728 312 794 Postero
335 727 385 795 die
404 729 601 817 imperatoris
621 747 721 798 castra
741 729 827 797 haud
849 729 960 820 procul
984 728 1023 796 ab
1046 727 1169 820 oppido

177 842 222 924 (⁸),
238 842 293 931 qui
304 843 393 911 locus
402 822 613 934 nonamplius
623 847 765 934 quinque
780 844 921 913 millibus
932 867 1085 934 passuum
1094 845 1168 913 Flo-

168 978 202 1042 rt,
217 960 276 1026 sita
289 976 363 1028 sunt
376 959 421 1027 (¹).
450 979 545 1030 tunc
561 961 665 1044 miles,
680 961 796 1029 relictis
811 960 876 1031 fere
891 961 1009 1045 castris,
1026 959 1168 1051 undique

168 1098 208 1142 em
235 1096 349 1164 agrum
365 1075 609 1164 praedabundus
628 1079 732 1162 currit,
757 1078 849 1146 villae
869 1096 902 1146 et
927 1077 1045 1168 oppida
1059 1080 1091 1146 in
1110 1079 1168 1146 cir·

171 1188 308 1273 fumant,
322 1190 417 1258 nullis
437 1193 712 1261 circumstantium
727 1193 926 1262 immunibus
949 1193 1045 1262 huius
1061 1192 1169 1276 cladis,

168 1305 271 1374 leriter
281 1327 351 1373 sese
370 1306 491 1375 dedunt
508 1307 595 1398 pleni
614 1308 802 1377 victualium
821 1325 1034 1391 occurrentes,
1053 1306 1168 1397 quibus

168 1474 171 1496 ‚
195 1436 362 1490 uteorum
384 1444 465 1510 quae
489 1423 641 1490 exercitui
665 1440 846 1512 opportuna
868 1441 954 1504 sunt,
978 1422 1168 1490 continuum

168 1533 278 1605 lerant.
312 1538 493 1627 imperator,
505 1540 615 1627 positis
631 1538 751 1622 castris,
761 1556 893 1628 gentem
904 1560 997 1606 suam
1016 1539 1049 1606 in
1062 1537 1168 1628 plures

168 1651 244 1733 itus,
262 1669 386 1739 partem
405 1651 679 1741 archiepiscopum
706 1653 941 1721 Treverensem
959 1653 1049 1743 sequi
1067 1652 1169 1735 iussit,

180 1792 197 1833 e
211 1790 309 1856 perge
321 1767 360 1834 ad
372 1787 511 1836 castrum
522 1770 555 1837 S.
567 1771 689 1837 Mariae
697 1769 857 1840 Novellae
868 1795 899 1838 r.
946 1768 1060 1839 deinde
1073 1768 1169 1838 aliam

168 1883 267 1970 >piam
283 1882 317 1938 (Β)
332 1883 546 1954 mareschalco
565 1883 663 1968 dedit,
682 1887 737 1974 qui
756 1884 876 1974 absque
893 1907 985 1953 mora
999 1885 1168 1973 Passigna-

168 2023 180 2067 ·.
227 2022 340 2067 verum
349 2020 460 2069 neuter
477 2002 645 2069 introitum
659 1999 746 2083 lecit,
756 2019 864 2090 portas
878 2000 1037 2090 reperiens
1048 1999 1168 2068 clausas

167 2113 332 2183 rebellibus
355 2115 450 2183 armis
467 2116 584 2186 densos
598 2117 643 2184 (²).
689 2134 822 2207 uterque
838 2116 994 2185 hostiliter
1007 2114 1096 2204 quod
1109 2139 1168 2206 po·

167 2232 401 2322 opulationibus
416 2251 448 2301 et
466 2232 633 2317 incendiis,
648 2231 794 2302 hostibus
808 2234 889 2301 iram
901 2255 993 2302 suam
1011 2230 1167 2300 vendens.

167 2349 264 2416 utatis
280 2349 373 2437 agris,
390 2347 430 2416 ad
445 2349 659 2439 expugnanda
677 2349 794 2440 oppida
808 2346 952 2430 redeunt,
971 2369 1053 2436 quae
1068 2370 1168 2437 aeque

168 2485 224 2529 um
246 2465 277 2529 vi
298 2465 435 2551 capiunt.
481 2464 610 2530 interim
633 2464 807 2552 imperator
824 2462 999 2531 exercitum
1017 2458 1168 2551 gentibus

167 2579 285 2659 rolens,
302 2579 454 2647 comitem
467 2579 590 2646 Montis
605 2579 703 2647 Feltri
718 2580 807 2646 Pisas
820 2579 917 2659 misit,
934 2595 1077 2646 statuens
1092 2601 1168 2647 eum

167 2695 223 2762 atis
233 2696 397 2762 vicarium.
435 2695 488 2783 qui
506 2695 613 2762 statim
633 2717 707 2762 cum
722 2695 844 2761 Pisanis
864 2692 904 2760 ad
922 2693 1099 2762 exercitum
1113 2716 1169 2761 ve·

167 2828 296 2899 rgentos
324 2811 445 2900 equites
465 2827 496 2877 et
515 2808 628 2878 decem
647 2809 746 2877 millia
764 2807 909 2897 peditum
938 2831 1049 2877 secum
1069 2808 1169 2892 duxit,

170 2926 243 3015 gior
261 2948 358 3014 quam
378 2925 617 2994 existimabatur
636 2927 668 2994 in
687 2923 795 2992 castris
811 2925 905 2992 statio
924 2924 1005 2994 adeo
1024 2923 1170 2993 toedium

167 3042 252 3131 ipue
282 3042 396 3131 quibus
427 3043 537 3110 vacuis
567 3042 668 3110 bursis
698 3040 837 3129 pecunia
863 3041 960 3108 etiam
991 3040 1169 3108 necessario

167 3175 244 3241 erat3
263 3174 298 3224 ut
320 3157 471 3246 plerique,
494 3179 552 3225 sua
584 3179 651 3224 non
681 3155 813 3224 alicuius
845 3155 1014 3245 superioris
1043 3154 1169 3222 licentia
1272 3197 1277 3208 ·

167 3289 260 3340 untes
291 3272 437 3355 domum,
460 3272 499 3340 ab
530 3271 675 3340 hostibus
697 3273 731 3341 in
754 3274 865 3341 itinere
889 3272 972 3360 capti
1001 3288 1086 3339 sunt.
1132 3292 1170 3338 ea

167 3412 177 3455 ι
202 3388 375 3457 multitudo
396 3390 468 3479 plus
502 3390 694 3457 rusticorum
712 3412 809 3477 quam
833 3389 953 3456 civium
975 3388 1170 3455 Pisanorum

167 3523 194 3572 tt
219 3506 273 3593 qui
297 3523 441 3574 asserunt
470 3504 655 3574 huiusmodi
679 3504 822 3594 captivos
853 3503 949 3572 fuisse
977 3501 1048 3591 plus
1070 3524 1169 3590 quam

169 3811 415 3859 einumssaniani
482 3811 731 3869 (mmmmm

179 3973 384 4041 Vutarttl.c.;
395 3976 463 4029 Ars.
475 3976 551 4031 blus
630 3974 674 4044 (ς)
692 3974 808 4030 lutomo
827 3988 843 4026 a
860 3971 992 4026 federico
1011 3969 1046 4026 da
1064 3971 1171 4026 Monte·

166 4059 211 4114 rbr.
231 4074 276 4125 1v3
295 4055 359 4114 Ntc.
378 4059 468 4113 Bora.
487 4060 505 4112 L
525 4077 548 4114 c.
595 4057 675 4112 feltro
687 4056 764 4129 figlio
776 4055 821 4111 dcl
833 4068 915 4110 conte
931 4054 1033 4120 Guido‚
1046 4053 1079 4108 ci
1095 4054 1172 4109 Uoo

166 4143 261 4198 lettera
270 4143 411 4215 imperiale
424 4143 468 4198 del
481 4161 492 4214 3
503 4160 551 4198 no-
596 4158 665 4206 um,
678 4141 764 4196 Sloria
781 4140 819 4195 δι’
838 4142 906 4195 conii
917 4158 930 4193 ι
941 4139 1016 4193 ducln'
1030 4137 1170 4204 d'Urbino,

166 4228 253 4284 icario
276 4228 348 4299 degli
373 4229 479 4282 anziani
505 4228 549 4283 del
595 4228 616 4293 l,
638 4241 766 4297 roo-124
803 4225 842 4280 Fu
861 4223 1168 4296 podestadiltreaqe

166 4313 206 4368 del
221 4329 339 4367 comum
355 4314 383 4367 di
402 4314 464 4366 Pisa
483 4313 549 4385 pub·
595 4329 673 4385 prese
692 4324 768 4383 parte
787 4310 947 4366 attirissima
965 4307 1018 4362 alle
1037 4325 1134 4380 guerre
1155 4324 1170 4362 e

166 4399 309 4463 lomois,
324 4399 400 4463 Acta,
415 4397 449 4461 11,
468 4413 526 4468 roo
595 4396 648 4451 alle
673 4395 774 4450 {azioni
798 4393 869 4449 della
904 4392 1034 4448 Tuscana
1058 4408 1074 4446 e
1099 4391 1170 4447 della

166 4498 202 4536 ια
221 4481 310 4537 Bora.
328 4498 389 4554 927.
426 4481 479 4535 Del
493 4493 550 4535 ten·
594 4480 747 4550 Romagna
783 4478 902 4533 Nemico
936 4475 1108 4547 implacabile
1140 4474 1169 4528 di

166 4583 283 4638 ccupare
307 4567 477 4636 Passignauo
503 4565 550 4619 uel
595 4563 756 4634 Ugucciooe
777 4561 849 4616 della
873 4557 1035 4631 Faggiuola,
1057 4557 1104 4612 fml
1122 4558 1171 4612 mi·

166 4651 212 4704 liro
226 4653 248 4703 si
264 4663 340 4715 tace;
356 4650 550 4705 accennasiiu·
596 4659 748 4703 stramenta
762 4647 808 4700 nel
826 4660 892 4716 1322
904 4643 1039 4700 trucidato
1055 4641 1090 4698 da
1104 4643 1168 4716 quei

166 4732 387 4787 sadiLucardo:
405 4733 553 4787 «ubiiiunt
596 4731 730 4786 d'Urbino
763 4746 844 4784 come
877 4725 1028 4801 ghibellino
1061 4728 1172 4782 cretico

168 4839 194 4883 »‚
211 4831 277 4872 nota
295 4817 315 4871 il
333 4819 408 4872 buon
422 4834 551 4872 vescovo,
597 4818 650 4872 Del
669 4833 720 4871 suo
737 4815 869 4872 vicariatu
888 4816 916 4869 io
935 4813 998 4869 Pisa
1015 4828 1073 4867 uon
1091 4825 1172 4866 trovo

166 4941 305 4987 mie.
1051 4935 1066 4979 8
