3142 5730
259 452 319 540 148
728 458 973 518 rarsrosta

258 689 384 759 modica
398 685 614 777 pugnantibus
630 702 696 752 erat
712 686 801 772 spes3
819 681 979 750 Amaldus
993 679 1137 770 quidam,
1149 700 1219 748 non
1236 679 1338 747 modo
1356 679 1454 746 armis

257 805 361 872 immo
379 802 478 871 laneis
495 799 634 868 vestibus
652 797 770 878 nudus,
780 796 835 866 ubi
847 794 1067 865 defensoribus
1084 794 1247 863 desertum
1260 793 1387 862 vallum
1403 794 1454 859 vi·

258 912 322 1000 det,
341 917 453 1007 spretis
471 912 687 1004 pungentibus
703 910 861 999 vepribus,
880 910 1000 978 vallum
1020 909 1171 993 ascendit,
1188 908 1297 998 ibique
1313 908 1454 976 militare

260 1032 390 1122 signum
419 1030 509 1096 omni
533 1027 664 1097 custode
685 1026 829 1095 relictum
844 1048 863 1092 a
878 1024 963 1092 vallo
980 1024 1144 1092 revulsum
1158 1044 1254 1113 snpra
1272 1041 1370 1112 caput
1383 1023 1453 1090 eius
1480 1044 1516 1110 55

258 1166 407 1236 peraeta
429 1142 541 1210 volitat
566 1141 628 1210 alta
650 1161 731 1209 voce
753 1138 932 1208 vociferans
954 1158 1080 1230 captam
1106 1158 1233 1207 terram.
1279 1137 1343 1206 hac
1369 1158 1454 1205 voce

258 1259 356 1330 territi
375 1258 430 1347 qui
454 1273 674 1344 anteponam
698 1256 789 1341 uestri
819 1252 1031 1322 defendebant
1055 1252 1184 1336 mlum,
1204 1255 1240 1321 in
1262 1271 1373 1320 arcem
1396 1269 1456 1341 per
1559 1248 1569 1311 i

258 1374 362 1462 ipsam
384 1389 510 1462 portam
532 1368 660 1459 fugiunt
681 1387 725 1452 et,
746 1386 919 1458 antequam
940 1389 1132 1458 persequens
1162 1368 1294 1435 traiecto
1323 1366 1456 1435 deserto

261 1470 464 1558 vallo'hostis
482 1483 611 1553 accedat
624 1502 761 1573 portam,
772 1483 892 1553 catenis
905 1481 1065 1552 sublatum
1078 1501 1211 1573 pontem
1227 1483 1354 1550 invenit
1368 1501 1455 1550 non·
1507 1564 1510 1570 Ι

261 1603 340 1673 dum
364 1603 470 1671 levato
492 1599 669 1689 ponticulo,
695 1622 793 1688 quem
817 1616 976 1688 occupant
993 1599 1108 1695 nostri.
1127 1617 1161 1667 et
1175 1599 1284 1667 statim
1303 1597 1458 1666 inhibent
1483 1603 1524 1666 60

262 1739 355 1787 caeso
379 1714 552 1785 retinaculo
575 1736 617 1783 ne
631 1714 762 1784 levetur.
808 1713 923 1782 deinde
946 1715 1045 1781 caesis
1064 1713 1182 1781 catenis
1200 1714 1312 1802 magni
1329 1713 1455 1802 pontis,

261 1829 507 1919 dumrrangere
530 1847 655 1917 portam
685 1845 809 1917 putant,
829 1828 967 1896 frustrati
994 1847 1079 1910 sunt,
1101 1830 1256 1917 quoniam
1279 1827 1390 1895 ferreis
1410 1827 1456 1894 la·

261 1947 356 2015 minis
370 1962 438 2014 tota
454 1960 603 2032 cooperta
621 1961 697 2012 etat.
741 1944 846 2032 itaque
865 1942 986 2012 duabus
1008 1945 1124 2012 iunctis
1146 1943 1241 2013 simul
1263 1964 1301 2011 ac
1317 1942 1459 2011 firmiter

264 2060 419 2150 colligatis
450 2057 551 2140 scalis,
576 2079 650 2126 cum
680 2057 786 2146 nullae
808 2058 953 2147 singulae
976 2058 1176 2127 altitudinem
1195 2059 1278 2127 muri
1302 2079 1458 2147 superare

264 2193 406 2266 possent,
437 2173 559 2263 equites
590 2172 656 2240 duo
685 2171 834 2241 scandere
862 2191 987 2241 tentant
1015 2196 1156 2255 murum,
1179 2172 1256 2241 dnm
1288 2172 1457 2262 sagittarii,
1485 2179 1525 2262 65

263 2311 402 2379 quotum
421 2288 562 2377 plerique
581 2288 754 2355 Ianuenses
774 2305 872 2368 erant,
891 2286 1074 2355 vulneratos
1092 2287 1132 2356 de
1146 2289 1245 2357 muris
1268 2287 1460 2356 defensores

264 2403 398 2493 pellunt.
443 2404 549 2491 itaque
566 2401 661 2470 ambo
685 2426 759 2470 cum
775 2425 849 2470 cura
864 2405 964 2492 capite
983 2420 1116 2485 armato,
1132 2420 1168 2471 ut
1186 2404 1293 2471 minus
1309 2402 1457 2492 lapidum

264 2519 345 2587 ictus
379 2518 528 2597 sentiant,
562 2516 640 2584 alter
670 2535 743 2606 post
771 2519 923 2606 primum,
945 2540 1042 2608 quem
1064 2517 1212 2587 manibus
1246 2541 1283 2586 ac
1318 2517 1459 2586 brachiis

266 2631 462 2719 subsequens
485 2631 609 2713 retinet,
632 2650 704 2698 uta
730 2631 912 2702 lancearum
935 2633 1139 2724 lapidumque
1162 2633 1276 2702 ictibus
1299 2633 1458 2702 ambabus

266 2744 413 2816 manibus
427 2768 462 2812 se
479 2744 636 2829 defendat,
650 2769 750 2834 usque
760 2769 861 2836 prope
881 2748 997 2816 merlos
1016 2748 1192 2817 ascendunt
1210 2770 1352 2817 murum.
1400 2749 1457 2817 ibi·
1486 2772 1528 2838 70

267 2885 330 2952 que
342 2849 432 2929 ¹dum
454 2862 508 2951 qui
531 2862 674 2951 superior
687 2862 789 2930 tendit
807 2863 955 2930 hostilem
971 2885 1099 2933 murum
1118 2885 1137 2930 a
1158 2887 1192 2932 se
1211 2883 1341 2953 captum
1356 2881 1457 2953 putat,

267 2975 384 3043 securis
416 2974 512 3044 dorso
543 2975 578 3041 in
606 2976 791 3042 summitate
809 2977 919 3065 galeae
937 2976 1057 3046 fortiter
1075 2980 1156 3046 ictus
1178 3001 1277 3067 prope
1300 2996 1458 3047 mactams

268 3107 326 3171 est,
348 3109 458 3158 tamen
481 3089 522 3157 de
538 3090 629 3158 scalis
659 3090 868 3179 praecipitans
890 3094 1064 3161 semivivus
1084 3115 1102 3160 a
1131 3093 1345 3184 subsequente
1368 3095 1459 3161 socio

267 3223 408 3273 retentus
431 3223 487 3273 est
544 3204 630 3273 illico
652 3228 812 3295 respersus
839 3207 965 3276 vultum
987 3209 1182 3298 interiusque
1210 3210 1346 3278 refectus
1368 3210 1458 3291 vino,

269 3320 369 3389 actius
391 3343 426 3387 se
449 3321 541 3408 erigit
570 3340 680 3389 contra
702 3323 819 3389 securis
842 3342 1017 3404 auctorem,
1048 3326 1101 3413 qui
1125 3342 1201 3394 tunc
1223 3326 1327 3392 securi
1357 3325 1462 3392 voluit
1488 3349 1529 3415 75

269 3436 348 3502 scite
371 3453 478 3502 utrum
510 3436 613 3523 aptior
641 3435 780 3504 incidere
806 3438 857 3518 sit,
875 3460 972 3526 quam
996 3456 1143 3523 mactate,
1166 3442 1192 3506 si
1216 3438 1343 3507 fortuna
1366 3440 1460 3507 sinat

271 3571 384 3617 verum
407 3550 573 3617 Ianuensis
587 3550 693 3617 subito
709 3570 881 3620 veratonus
890 3553 924 3608 (¹)
937 3554 1025 3621 volat
1039 3555 1135 3623 oculo
1153 3556 1309 3623 transiens
1319 3553 1355 3610 θ’)
1368 3571 1463 3644 capnt

270 3665 349 3743 eim,
365 3686 430 3751 quo
446 3662 577 3730 vulnere
594 3687 668 3732 cum
687 3667 787 3732 securi
806 3666 845 3734 de
861 3691 954 3735 muro
969 3671 1102 3738 reiectus
1118 3690 1174 3738 est.
1221 3692 1297 3738 tunc
1314 3671 1462 3760 linquens

272 3776 371 3844 scalas
395 3775 534 3846 ascendit
566 3801 705 3861 murum,
729 3799 760 3847 et
782 3783 886 3849 socios
911 3807 1030 3851 vocans
1060 3785 1137 3853 dum
1168 3804 1306 3854 castrum
1331 3803 1463 3873 captum

210 3948 213 3972 ,
272 3910 371 3978 putat,
387 3893 496 3978 positis
512 3891 551 3958 ad
574 3912 683 3981 pectus
703 3894 870 3965 hostilibus
890 3897 1006 3966 lanceis
1025 3899 1150 3987 pellitur
1170 3920 1200 3968 et
1217 3899 1256 3967 ad
1276 3902 1341 3967 ima
1357 3898 1463 3967 fossae
1492 3907 1534 3972 80

273 4005 421 4073 volvitur.
467 4030 535 4076 non
558 4026 723 4097 propterea
749 4010 830 4079 ullus
855 4011 1003 4082 defensor
1013 4015 1047 4070 (ἒ)
1063 4035 1190 4104 apparet
1213 4017 1322 4085 muris.
1368 4018 1465 4086 turris

273 4123 419 4210 proxima
438 4122 603 4192 hostilibus
627 4126 717 4192 scalis
736 4150 836 4195 vacua
852 4151 919 4196 non
937 4128 1039 4197 modo
1058 4131 1137 4214 telis,
1150 4133 1253 4199 immo
1273 4133 1370 4200 etiam
1386 4134 1466 4222 lapi·

275 4235 367 4304 dibus
401 4257 477 4319 erat,
501 4238 651 4327 nullaque
681 4240 714 4307 in
745 4239 930 4310 defensione
960 4245 1137 4314 intrinsecis
1169 4266 1235 4314 erat
1261 4270 1343 4337 spes.
1403 4247 1466 4315 hoc

276 4352 467 4419 extrinsecus
480 4376 625 4442 pugnans
638 4374 787 4436 senserat,
807 4357 863 4424 sed
887 4358 955 4425 sola
972 4360 1127 4428 scalarum
1151 4361 1259 4451 inopia
1282 4362 1467 4430 morabatur

276 4467 456 4554 captionem
471 4471 572 4536 castri.
619 4489 650 4538 at
665 4493 783 4553 comes,
798 4474 853 4561 qui
867 4474 1050 4565 priusquam
1063 4476 1170 4544 hostes
1185 4496 1326 4544 senserat
1341 4496 1467 4566 pestem
1496 4484 1533 4567 85

329 4676 364 4731 (a)
377 4675 438 4726 ltro.
452 4686 591 4723 verrettonus
663 4682 699 4736 (b)
714 4682 773 4729 Mur.
789 4681 849 4727 volat
863 4685 942 4728 oculos
956 4684 1065 4731 transiens
1134 4687 1360 4746 (c)1njramm.B
1374 4685 1468 4734 ultimus

276 4752 384 4799 defenso.-
