3142 5730
195 350 239 413 66
662 357 908 414 HISTORIA

940 461 1312 468 *Q

36 603 59 638 ⁰·
75 589 140 652 ¹³⁵¹
193 610 250 675 per
268 584 448 653 Laudemia
461 581 736 673 borrealmodico
750 578 833 653 bladi
851 597 986 670 reperto,
1007 578 1170 649 consilium
1182 577 1315 658 rebellionis,
1328 597 1347 655 ι,
1374 634 1392 651 .

194 720 315 773 temeoe
336 717 515 788 sumptum,
534 697 643 786 ponit„
665 715 696 765 et
719 695 846 764 comitis
864 693 1040 763 Sabaudiae
1059 716 1115 783 spe
1131 693 1172 778 (⁸),
1189 693 1243 768 eius
1259 691 1317 767 litenis

195 839 231 884 ac
249 817 374 884 nunciis
389 833 422 885 et
435 813 495 882 sub
509 811 574 881 fide
591 812 664 881 data
681 809 792 893 fretus,
814 810 1036 883 Mediolanum
1060 809 1197 890 veniens
1215 806 1319 898 praelatae

196 927 372 999 Laudemis
387 926 472 997 urbis
491 926 597 1007 claves
611 925 651 993 ad
669 924 766 1016 pedes
784 925 869 1014 regis
883 941 1057 1014 prostratus
1074 921 1180 991 offert:
1196 939 1223 990 et
1237 941 1322 991 nonne

196 1045 347 1123 verentia,
359 1066 462 1132 neque
474 1042 621 1131 cupidine
633 1042 719 1130 pacis
732 1059 850 1123 motus,
862 1039 920 1109 sed
930 1039 1045 1109 urbem
1056 1039 1097 1113 ad
1110 1039 1218 1128 longae
1228 1033 1323 1107 nonnis

196 1159 397 1231 obsidionem
409 1160 544 1228 minime
556 1158 740 1248 dispositam
754 1176 849 1247 atque
861 1175 1001 1245 paratam
1014 1156 1165 1238 sentiens,
1176 1153 1252 1225 dixit:
1264 1171 1325 1240 epec-

197 1278 277 1360 cavi,
289 1275 401 1358 fateor,
413 1275 555 1358 domine,
568 1273 803 1354 misereremei,
815 1270 901 1348 urbis
914 1271 1097 1346 dominium
1109 1293 1184 1360 capo
1194 1295 1222 1336 o.
1253 1266 1329 1335 ident

196 1411 290 1481 tergo
305 1393 461 1460 bassanus
470 1391 508 1445 (b)
523 1393 589 1459 eius
605 1389 699 1458 frater
710 1387 772 1481 [et]
787 1389 947 1459 Antonius
964 1386 1004 1457 de
1018 1387 1136 1476 l'Aqna
1152 1405 1184 1455 et
1203 1382 1331 1473 conones

197 1529 289 1595 quos,
309 1507 439 1574 maioris
456 1505 532 1574 fidei
550 1527 659 1584 causa,
670 1527 783 1581 secum
800 1502 912 1573 Lauda
925 1502 1071 1586 duxerat,
1088 1502 1217 1593 supplici
1234 1492 1332 1569 socole

198 1640 281 1695 runt
328 1641 360 1693 at
381 1645 437 1691 rex
461 1622 643 1711 indignatus
665 1621 787 1691 nullam
810 1618 923 1697 faeiem
947 1639 1002 1689 aut
1031 1620 1156 1687 miseris
1178 1638 1275 1687 vocent
1288 1632 1336 1698 top

198 1737 386 1827 plicantibus
404 1737 501 1809 dedit
546 1757 624 1808 tunc
642 1760 751 1805 comes
768 1735 954 1818 sabaudiae,
970 1758 1037 1803 non
1053 1737 1239 1804 miserorum
1249 1745 1339 1808 ouum
1357 1730 1383 1762 ‘²

200 1851 360 1933 deseram,
371 1873 447 1919 nam
464 1850 562 1921 ubil‘)
578 1851 686 1920 ltaliae
697 1851 706 1940 Ι
717 1850 796 1924 fines
808 1851 913 1939 tetigit
926 1873 1058 1934 remseu
1069 1868 1211 1939 quanam,
1222 1845 1342 1927 ntbtseu
1389 1900 1392 1907 .

200 1968 394 2037 couscientia
417 1967 616 2057 consilioque
634 1969 719 2056 regis
737 1991 792 2057 per
809 1967 997 2039 industriam
1019 1967 1072 2035 hic
1091 1965 1234 2039 Guelfico
1253 1976 1343 2049 senpd

200 2083 288 2165 favit,
299 2084 338 2150 ad
350 2084 479 2173 reginae
494 2107 663 2167 cunctam,
683 2101 756 2173 post
769 2107 891 2174 negem,
909 2081 1019 2167 tendit,
1044 2084 1224 2151 Antonium
1240 2080 1271 2149 de
1286 2071 1345 2145 fni·
1390 2114 1392 2119 ·

200 2220 275 2287 naga
297 2199 387 2286 quasi
411 2220 529 2287 pavore
549 2197 709 2286 perditum
732 2220 841 2264 secum
863 2195 1002 2266 trahens,
1049 2215 1080 2264 at
1104 2195 1159 2263 ubi
1178 2194 1296 2262 clemens
1312 2208 1346 2253 rt

200 2313 287 2404 gina,
305 2314 400 2401 signo
423 2337 479 2402 per
502 2314 655 2381 comitem
677 2331 853 2401 cognatum
870 2335 966 2381 suum
985 2311 1071 2394 dat0,
1096 2312 1267 2379 Antonium
1283 2303 1347 2372 vultu
1365 2294 1392 2366 ²!

201 2427 373 2498 confusum
392 2428 482 2512 vidit,
508 2429 650 2518 benigno
665 2449 755 2497 mota
768 2430 889 2519 spiritu,
908 2452 944 2497 ac
962 2429 1085 2497 miseris
1110 2427 1290 2518 compatiens
1305 2437 1346 2487 sno

201 2566 303 2625 more,
310 2544 412 2632 inquit
427 2544 512 2611 viro:
529 2544 690 2613 «domine
700 2546 756 2628 mi,
766 2545 925 2627 moerore,
937 2567 1070 2635 quaeso,
1088 2544 1266 2619 revertentis
1276 2533 1348 2615 anllb

201 2673 233 2723 et
251 2656 372 2723 cunctis
392 2657 578 2726 mortalibus
598 2677 720 2728 centum
742 2660 810 2750 spei
831 2659 961 2748 signum
975 2657 1065 2726 dabis
1077 2683 1109 2725 o.
1156 2676 1240 2740 tunc,
1255 2664 1347 2738 snmpw
1390 2688 1392 2749 3

203 2770 324 2850 animo,
347 2769 477 2838 venales
498 2794 608 2860 preces
630 2791 764 2863 reparat,
787 2795 823 2840 ac
842 2794 897 2863 spe
915 2773 950 2808 **
969 2791 1171 2871 opportunus
1194 2769 1347 2853 infestosque
1390 2808 1392 2813 -

202 2887 340 2952 nimium
353 2885 520 2954 Gibellinis
539 2910 657 2956 comest
704 2889 779 2957 hinc
793 2890 966 2978 utriusque,
983 2910 1052 2957 uon
1068 2912 1132 2958 una
1145 2885 1305 2958 intentione
1316 2894 1349 2945 1⁰
1364 2878 1392 2967 all

202 3002 319 3092 gantis,
330 3024 423 3092 prece
441 3004 543 3071 victus
562 3027 628 3087 rex,
644 3006 765 3095 inquit:
788 3007 951 3087 «Antoni,
966 3023 1033 3072 tota
1048 3005 1205 3097 Ligurum
1220 3005 1250 3071 in
1263 2990 1350 3068 teldll'l

203 3117 324 3205 opinio,
337 3115 416 3185 dum
428 3136 459 3185 te
477 3118 658 3208 partialibus
669 3119 780 3188 studiis
796 3119 942 3195 deditum
955 3119 1235 3210 obstinatumqnel
1240 3125 1350 3208 perverso

204 3232 362 3300 vocabulo
374 3252 599 3301 contumacem
613 3254 740 3302 vomnt
780 3236 1014 3325 explorabimus
1030 3237 1065 3291 (ἃ)
1077 3237 1157 3325 item
1171 3235 1264 3303 fidem
1277 3241 1351 3300 tu2m²

203 3347 341 3432 attende,
360 3351 387 3416 si
409 3373 507 3440 quam
526 3350 577 3418 hic
599 3371 666 3419 tam
690 3352 787 3420 libera
806 3376 886 3421 voce
905 3352 1005 3437 dedls,
1025 3373 1120 3445 atque
1142 3373 1276 3444 paratam
1294 3358 1353 3432 rpen-

203 3482 333 3553 tamqne
359 3465 452 3533 nobis
480 3467 604 3549 asseris,
636 3469 744 3537 civitas
773 3469 812 3536 de
838 3469 922 3541 facto
946 3469 1037 3541 detur
1064 3469 1169 3552 nobis,
1197 3492 1262 3538 non
1280 3460 1392 3537 salvusne

204 3576 316 3658 mod0,
332 3581 555 3647 verumetiam
570 3582 603 3648 in
618 3582 688 3649 aula
699 3601 809 3650 nostra
820 3583 941 3652 electus
952 3585 1030 3667 eris;
1047 3583 1136 3674 quod
1156 3585 1183 3653 si
1197 3584 1288 3662 aliter,
1300 3584 1357 3644 certe

203 3713 263 3779 pro
280 3692 401 3764 meritis
417 3693 549 3782 dignam
568 3719 708 3786 poenam
727 3697 857 3766 dabis».
905 3698 1019 3768 deinde
1043 3700 1223 3768 Henricum
1242 3698 1277 3771 de
1293 3689 1360 3762 Flffl·

205 3802 272 3869 dria
291 3807 520 3876 marescalcum
539 3811 579 3877 ad
594 3835 628 3877 se
643 3814 750 3880 vocari
769 3814 860 3881 iussit
866 3839 876 3895 ;
896 3815 946 3882 cui
969 3833 1083 3883 cuncta
1099 3815 1186 3902 prius
1209 3813 1308 3892 docto,
1325 3816 1363 3868 nt

206 3922 331 4009 gotium
348 3921 411 4004 dat,
424 3926 655 3994 commendans
673 3926 731 3993 sibi
744 3930 924 3995 Antonium
936 3927 976 3995 de
990 3928 1107 4016 l’Aqua
1121 3947 1153 3996 et
1165 3930 1329 3996 Bassanum
1340 3907 1367 3974 ‘le

207 4034 363 4122 Fixiraga,
382 4037 436 4125 qui
455 4060 519 4104 una
535 4063 645 4108 secum
664 4041 803 4120 veniant,
823 4064 858 4109 ac
879 4040 957 4110 dum
976 4059 1103 4130 pateant
1116 4041 1289 4112 Laudemis
1306 4018 1392 4108 urbis*

207 4146 320 4231 aditus,
340 4149 466 4218 obsides
485 4153 602 4219 sint(¹).
643 4155 749 4244 itaque
760 4177 836 4222 cum
847 4178 969 4243 magno
981 4155 1123 4244 equitatu
1134 4155 1174 4224 ad
1190 4156 1300 4225 urbem
1310 4154 1382 4221 [Ψ

261 4371 291 4423 la)
306 4370 350 4414 Bb
363 4370 453 4416 comitis
466 4386 504 4428 spe
545 4375 632 4429 lble
646 4375 704 4422 idern
714 4378 816 4420 Basanm
844 4377 1040 4432 (cledeterena
1054 4377 1091 4422 nbi
1134 4379 1166 4434 (d)
1181 4357 1392 4436 uodonoroin‘l'

244 4569 286 4635 (r)
306 4589 320 4618 r
332 4569 431 4626 Claves
458 4573 492 4628 de
511 4590 562 4628 sno
583 4573 681 4646 (regis)
704 4593 778 4632 man-
824 4576 1002 4639 «Antonium
1017 4591 1045 4634 et
1059 4578 1288 4641 aliumcustodiri
1300 4578 1372 4636 feeit

211 4669 224 4699 n
235 4650 297 4705 dato
308 4655 510 4713 maraschalcus
519 4659 629 4730 recepit,
641 4673 669 4716 et
677 4660 781 4717 dictum
827 4660 891 4716 Nnc.
904 4661 994 4716 bonu.
1007 4662 1069 4733 898.
