3142 5730
167 741 284 808 parsus
299 719 442 808 undique
455 743 512 809 per
524 720 617 788 devia
635 717 805 808 quaerebat
823 720 931 788 salutis
946 723 1043 787 viam.
1089 722 1230 812 plerique

168 833 296 903 Padum
326 836 425 904 tutius
455 858 553 903 naves
584 853 707 924 petunt,
737 835 849 924 reliqui
875 833 1019 924 peditum
1047 860 1086 903 ex
1111 858 1230 926 magna

167 965 200 1016 ut
227 949 310 1037 capti
335 967 390 1017 aut
418 948 525 1038 gladio
558 949 640 1033 caesi
663 966 749 1030 sunt,
774 948 943 1037 pluresque
971 947 1167 1031 cecidissent,
1197 953 1231 1018 ni

167 1063 337 1129 .'armensis
356 1061 492 1130 Gilberti
511 1083 547 1129 ac
565 1060 782 1128 Laudensium
799 1061 941 1142 exulum,
969 1084 1051 1150 quos
1075 1081 1228 1131 venturos

167 1196 203 1260 nt,
223 1178 384 1246 victorem
402 1177 537 1246 militem
554 1197 736 1246 revocasset
741 1202 752 1260 ;
771 1179 825 1266 qui
844 1178 941 1246 etiam
956 1200 1056 1267 prope
1071 1177 1178 1247 tardus
1193 1179 1231 1248 ad

167 1292 272 1360 mdam
296 1292 442 1361 hostibus
466 1292 577 1361 urbem
600 1291 669 1375 fuit,
692 1315 829 1381 quorum
852 1292 918 1359 iam
940 1293 1072 1377 multos,
1091 1293 1230 1363 lacerato

167 1424 310 1475 ntrantes
337 1406 451 1475 urbem
479 1408 604 1475 invenit
631 1429 695 1495 qua
717 1408 864 1475 nondum
887 1430 981 1475 muro
1004 1409 1131 1476 munita
1153 1428 1230 1478 erat.

167 1523 184 1592 li
202 1524 300 1591 etiam
320 1523 461 1593 hostium
481 1524 521 1591 ad
538 1525 688 1592 interiora
706 1523 792 1592 urbis
815 1526 944 1592 moenia
963 1526 1229 1615 propinquabant.

167 1662 233 1707 tum
263 1641 470 1729 Papiensium
490 1638 690 1729 perpendunt
714 1639 849 1722 cladem,
869 1639 947 1708 dum
970 1663 1026 1730 per
1043 1641 1156 1709 urbem
1174 1661 1229 1708 va-

169 1772 302 1822 onustos
321 1753 437 1843 praeda
459 1754 576 1821 milites
599 1774 744 1836 cernunt,
766 1773 797 1822 et
815 1777 912 1843 quam
927 1755 1026 1844 vulgo
1043 1753 1231 1823 vociferanti

167 1872 191 1939 li
204 1890 400 1961 spreverant,
415 1892 575 1960 receptam
591 1872 685 1940 sociis
702 1872 824 1941 cladem
842 1874 979 1941 cruentis
994 1874 1231 1942 occurrentium

168 1983 310 2066 credunt,
325 1983 520 2074 audiuntque
535 1984 619 2052 illico
638 2004 670 2053 et
688 1984 821 2054 credunt
837 1987 991 2054 comitem
1003 1987 1230 2076 Philipponem

169 2152 177 2168 .
221 2123 299 2168 nam
324 2102 422 2191 ipsius
444 2100 541 2169 cladis
564 2101 649 2168 fama
673 2119 727 2169 aut
750 2101 832 2170 ullus
852 2103 988 2171 nuncius
1010 2101 1051 2169 ad
1069 2124 1126 2169 eos
1147 2124 1230 2169 non-

167 2235 272 2285 encrat.
318 2219 423 2306 itaque
438 2219 529 2285 omni
544 2240 600 2306 spe
614 2218 748 2306 perdita,
763 2216 869 2286 subito
888 2240 1006 2308 pavore
1022 2219 1161 2308 percussi
1177 2219 1232 2306 qui

167 2353 348 2414 ttraverant,
364 2331 492 2421 rapidos
507 2333 623 2401 sistunt
634 2334 770 2423 gradus3
786 2333 900 2401 deinde
919 2334 998 2401 dum
1013 2352 1098 2401 retro
1112 2333 1230 2422 pedem

174 2450 230 2538 qui
261 2449 374 2516 deiecti
402 2450 512 2537 passus
535 2448 609 2515 valli
639 2448 806 2517 servabant
829 2448 868 2517 ad
892 2473 926 2518 se
949 2468 1102 2518 vocantes
1125 2450 1230 2516 socios

167 2564 200 2633 le
224 2566 349 2655 aggen's
367 2564 495 2633 tumulo
514 2587 583 2632 sese
603 2565 819 2653 praecipitant.
866 2566 965 2633 exteri
983 2565 1091 2654 itaque
1110 2588 1231 2654 pavore

167 2681 249 2770 i‚qui
260 2679 384 2761 urbem,
396 2703 495 2769 quam
507 2703 608 2768 prope
622 2699 746 2769 captam
754 2680 919 2768 putabant,
927 2681 991 2746 iam
1004 2679 1089 2748 facto
1101 2683 1232 2770 agmine

181 2796 343 2886 parabant.
389 2796 531 2864 sednon
550 2796 689 2864 multum
709 2795 851 2864 dubitare
870 2797 1028 2880 sinuntur,
1051 2820 1128 2865 nam
1146 2797 1232 2866 illico

167 2911 199 2978 is
217 2912 317 3000 portis
336 2928 508 3000 erumpunt
525 2930 588 2978 tres
601 2909 836 2979 Gibellinorum
859 2912 1004 3000 equitum
1023 2930 1156 2992 turmae,
1175 2912 1231 3000 qui

167 3029 191 3095 is
214 3050 295 3118 quos
318 3029 436 3116 passim
459 3045 613 3117 vagantes
636 3047 770 3096 cernunt
792 3026 950 3109 hostibus,
974 3026 1231 3117 infrequentem

167 3144 313 3226 taciem,
332 3167 413 3233 quae
433 3165 490 3232 pro
513 3144 650 3210 statione
674 3161 751 3224 erat,
772 3159 879 3226 ruunt,
903 3164 1024 3230 eosque
1046 3141 1151 3230 primo
1171 3143 1231 3209 im·

167 3321 169 3327 .
187 3259 298 3349 fugam
317 3277 455 3326 vertunt.
501 3277 589 3339 tunc,
609 3257 711 3325 multa
728 3256 872 3346 peditum
892 3276 996 3346 strage
1015 3256 1109 3339 facta,
1128 3259 1230 3323 evasit

177 3392 245 3442 tota
275 3372 415 3464 (caedis)
444 3371 547 3440 clades
571 3371 714 3460 peditum
738 3369 808 3454 fuit,
839 3395 920 3460 quos
943 3372 1018 3461 quia
1037 3369 1135 3438 effusa
1154 3370 1231 3460 fuga

167 3543 176 3573 ,
195 3514 299 3579 neque
327 3488 466 3558 multum
490 3488 589 3578 longe
617 3489 816 3577 persequitur
838 3486 1025 3570 Gibellinus‚
1045 3487 1149 3553 immo
1167 3508 1232 3554 ser·

167 3603 236 3672 ubis
254 3603 396 3693 periculo
416 3620 596 3685 contentus,
615 3603 710 3692 signo
729 3601 869 3689 receptui
888 3600 974 3682 dato,
994 3600 1106 3668 urbem
1124 3601 1230 3669 intrat.

169 3719 329 3810 Philippo,
352 3718 408 3787 ubi
430 3737 525 3808 prout
547 3741 596 3785 res
618 3736 816 3806 processerat
837 3717 947 3800 sensit,
971 3738 1092 3798 secum,
1120 3742 1137 3780 c
1156 3716 1235 3805 quid

167 3861 169 3894 ι
191 3856 234 3919 te,
253 3836 368 3925 inquit,
386 3832 625 3903 dilacerandum
642 3833 778 3902 servas?
814 3832 1035 3922 expectabisne
1049 3833 1184 3922 qualiter
1201 3851 1234 3901 te

167 4113 174 4167 l
188 4111 270 4167 conte
288 4112 317 4165 di
332 4112 478 4183 Langosco
491 4111 616 4182 ripetono
662 4109 796 4164 «sinistro
811 4109 1014 4174 fammmcmu,
1030 4125 1107 4162 secus
1124 4106 1235 4160 Placen·

174 4209 268 4262 stesse,
287 4208 382 4250 cavate
392 4195 567 4249 unicamente
582 4194 616 4247 da
663 4213 678 4242 c
687 4194 755 4247 tiam
767 4192 904 4265 profectus
916 4190 1017 4245 multas
1031 4207 1126 4245 secum
1140 4190 1233 4261 copias

167 4279 245 4346 bute,
271 4281 291 4334 il
319 4280 510 4343 Canensmr,
539 4277 615 4332 Com-
662 4276 850 4342 «adduxisset,
865 4276 930 4330 dolo
946 4287 1101 4346 superatum
1118 4273 1234 4327 vinculis

167 4364 212 4418 'dle
236 4381 288 4418 cose
308 4365 406 4436 panai,
430 4362 524 4426 Patria,
546 4361 615 4414 Lan·
662 4361 767 4415 «tradb
782 4359 920 4431 (Galen),
940 4358 1062 4431 patrique
1080 4374 1130 4412 suo
1152 4356 1235 4428 (Mat-

167 4464 208 4520 37,
223 4465 250 4519 p.
269 4445 326 4516 156,
341 4464 357 4501 e
372 4447 392 4500 il
406 4447 557 4510 Rouoinu,
571 4461 616 4516 op.
664 4443 748 4512 uteo)
781 4460 866 4514 usque
899 4440 1086 4495 Mediolanum
1115 4439 1235 4504 dimittit,

167 4547 186 4585 o
203 4529 253 4595 IV,
270 4547 326 4602 par.
347 4530 408 4602 Lp.
425 4529 484 4598 265.
522 4528 618 4582 Breve·
664 4528 735 4582 «ubi
754 4544 846 4599 quem,
869 4527 949 4580 rebus
967 4524 1080 4578 feliciter
1094 4523 1236 4589 stantibus,

167 4616 324 4680 imm,
334 4616 381 4680 VI,
397 4630 479 4669 1121:
496 4634 510 4663 α
520 4612 618 4667 deinde
666 4629 680 4658 ι
691 4609 842 4663 Antonium
856 4607 1028 4661 laudensem
1038 4608 1126 4659 amice
1136 4604 1236 4658 dilexe-

167 4717 264 4771 ponem
283 4699 364 4754 amici
383 4699 501 4768 (Alberti
517 4698 619 4765 Scotti)
666 4692 1009 4760 eratineodemcarcetis
1018 4689 1155 4763 ergastulo
1165 4690 1236 4761 apud

167 4797 219 4839 tam
240 4784 404 4855 exigentem,
433 4800 496 4838 cum
515 4782 620 4848 itidem,
666 4795 755 4832 «eum
773 4777 911 4850 depositus
928 4775 1066 4830 invenit».
