3142 5730
141 391 184 458 5⁰
577 379 849 438 nusuonuuu.

137 608 254 678 habere
273 606 397 676 volunt.
443 626 558 675 eorum
586 603 711 673 libertas
739 622 835 693 atque
855 602 924 671 vita
950 604 987 672 in
1006 624 1104 671 manu
1121 622 1171 672 tua
1185 604 1230 671 sin
1241 622 1279 687 est;
1325 585 1374 633 ²³³

138 724 212 795 iube
230 724 265 780 (⁸)
283 723 422 805 retineri,
442 740 536 813 atque
554 720 649 803 illico,
668 718 747 789 dum
765 720 889 802 siveris,
907 718 1022 810 gladiis
1042 719 1107 788 dan'
1123 737 1240 809 possunt,
1248 720 1281 808 qui

139 841 297 933 principes
326 837 491 908 seditionis
517 854 602 906 sunt.
648 858 758 905 nonne
787 834 954 904 evidenter
983 854 1071 926 patet
1096 835 1285 924 indignantium
1350 822 1374 847 ’“

139 978 276 1046 pravum
293 978 387 1045 opus,
401 954 456 1044 qui
471 952 613 1042 undique
628 950 847 1021 criminandae
861 951 1036 1020 maiestatis
1051 971 1123 1019 tuae
1137 951 1287 1018 occasioneu
1339 940 1359 967 '⁴

82 1054 88 1060 ⁶
139 1069 322 1161 quaerunt?
339 1094 357 1134 s
410 1067 540 1136 adhaec
552 1089 630 1135 vero
648 1090 717 1136 non
729 1066 766 1123 (l)
783 1066 936 1156 degener,
947 1065 1005 1135 sed
1021 1065 1098 1156 (ex)
1117 1065 1176 1133 alto
1191 1080 1289 1132 anuto
1349 1060 1374 1085 *⁴

66 1211 81 1243 ι
139 1186 281 1277 principe
299 1183 435 1275 dignum
458 1205 650 1273 responsum
676 1181 762 1251 dedit
779 1182 790 1274 Ι
807 1205 875 1250 rex.
925 1209 943 1246 u
961 1204 1031 1250 non
1054 1181 1223 1271 suspitionis
1240 1177 1292 1246 tubi

140 1303 213 1386 trio,
230 1300 376 1383 Nicolae,
390 1298 598 1369 iudicandum
613 1317 671 1382 est,
689 1321 758 1367 non
771 1298 865 1367 omni
881 1297 1007 1387 spiritui
1019 1297 1054 1352 (⁶)
1074 1295 1248 1366 credendum
1258 1313 1296 1376 eu
1360 1278 1374 1319 ἶ

140 1441 208 1487 non
226 1436 359 1498 temere,
377 1439 419 1484 ne
436 1415 609 1505 poeniteat,
624 1415 797 1505 quicquam
815 1437 911 1504 agere
928 1435 1044 1504 regem
1058 1413 1161 1482 decet
1202 1409 1300 1482 neclu
1365 1395 1374 1439 ³

140 1532 297 1616 bitamus;
317 1532 403 1600 bona
427 1529 491 1599 fide
517 1529 674 1621 procedis.
719 1530 777 1599 sed
802 1549 835 1599 et
858 1552 919 1600 nos
937 1528 1155 1620 exploratores
1172 1551 1223 1619 per
1245 1525 1302 1596 uubis
1359 1518 1374 1581 ²³

141 1647 276 1738 angulos
301 1665 397 1738 atque
419 1647 508 1716 vicos
527 1647 673 1715 misimus
680 1670 690 1729 ;
709 1644 938 1714 referendarios
966 1645 1137 1714 habemus.
1180 1643 1305 1735 paudite
1332 1636 1374 1679 ‘⁵

141 1763 237 1832 fimae
265 1760 376 1853 plebis,
395 1763 450 1853 qui
477 1762 652 1830 Turrianas
670 1760 788 1830 domus
817 1761 941 1844 colunt,
959 1760 1002 1828 de
1033 1762 1257 1852 conspiratione
1275 1757 1309 1825 lo
1368 1756 1374 1796 ’-

141 1898 301 1972 quuntur;
333 1880 446 1948 caeteri
476 1878 558 1947 illius
580 1879 626 1945 rei
655 1878 785 1967 ignaros
802 1878 838 1932 (θ
860 1900 930 1946 sese
955 1876 1090 1947 faciunt.
1137 1879 1171 1946 in
1188 1875 1312 1946 nobilium
1370 1872 1374 1904 “’

142 2015 229 2087 parte
247 2018 328 2087 quae
341 1997 501 2063 Matteum
516 1995 657 2063 amicum
674 2012 821 2062 nostrum
838 1994 992 2084 sequitur,
1011 1994 1151 2062 minime
1164 1989 1314 2082 suspitionis

142 2114 236 2201 signa
248 2111 396 2181 uidimus
442 2111 504 2178 alia
515 2111 648 2179 certiora
659 2110 721 2178 tuis
736 2129 925 2199 argumenta
939 2110 973 2178 in
987 2128 1082 2178 tanto
1097 2110 1233 2199 negocio
1245 2128 1316 2197 quae

143 2226 241 2295 renda
259 2245 344 2294 sunt.
390 2225 484 2307 vnde,
501 2243 700 2316 cunctosque
717 2225 870 2307 licenties,
882 2225 982 2294 ieiuni
999 2245 1089 2294 suunt.
1135 2222 1320 2294 neminemiu
1334 2230 1356 2302 45

143 2361 255 2411 senatu
274 2343 410 2410 retineas
428 2342 475 2424 (θ,
495 2341 584 2408 liberi
601 2340 716 2410 abeant
738 2343 872 2432 quisque
889 2341 1040 2410 domum.
1086 2343 1248 2432 utriusque
1264 2338 1322 2408 ciuis

143 2454 224 2524 fides
242 2455 324 2523 bene
343 2458 402 2523 erit
420 2475 497 2524 nota
516 2455 621 2537 nobis,
639 2477 673 2524 et
689 2456 883 2546 separabitur
900 2480 920 2525 a
938 2456 1028 2525 bono
1045 2481 1167 2547 pravus
1184 2484 1216 2526 r.

72 2591 86 2622 Δ
209 2571 334 2638 XXIV.
376 2571 458 2654 Hac,
473 2572 581 2660 igitur,
591 2572 676 2660 regis
691 2570 908 2661 benignitate!
918 2571 1008 2640 nulla
1026 2573 1068 2640 ad
1082 2577 1326 2665 propositumre

144 2685 321 2773 sponsione
343 2682 437 2767 facta,
464 2684 505 2753 de
528 2685 646 2775 palatio
671 2685 789 2753 stolida
810 2705 842 2754 er
864 2687 1051 2755 inoonsulta
1076 2688 1215 2758 disoedit
1245 2687 1327 2769 narba,

145 2802 282 2890 ipsamet
293 2801 505 2869 taciturnitate
520 2821 676 2891 perpetuo
694 2825 766 2869 sese
783 2802 938 2870 vendens.
975 2802 1065 2885 inde,
1084 2825 1121 2873 ut
1139 2805 1189 2889 fir,
1207 2804 1329 2896 pluribus

147 2917 368 3007 ignorantibus
388 2941 511 3000 casum,
529 2941 604 2986 cum
623 2918 745 2986 damno
764 2940 825 2986 suo
849 2920 950 2986 crevit
966 2923 1134 2989 temeritas
1153 2942 1188 2990 er
1202 2921 1329 3000 audacia

146 3056 222 3100 nam
233 3032 329 3123 paulo
342 3054 428 3123 post,
440 3036 625 3123 priusquam
637 3034 735 3122 ipsius
748 3033 970 3101 hebdomadae
984 3033 1070 3104 foret
1084 3037 1174 3121 linis,
1184 3039 1283 3106 subita
1293 3060 1330 3103 ar·
1348 3052 1360 3118 5

146 3147 256 3218 mandi
273 3149 385 3217 militis
407 3173 447 3216 ex
472 3149 626 3217 industria
650 3169 741 3238 capta
756 3173 863 3232 causa,
878 3151 1097 3220 Theutonum
1120 3177 1243 3244 magna
1254 3151 1332 3221 turba

145 3265 179 3332 in
198 3265 309 3332 Brolio
325 3265 505 3333 Mediolani
516 3267 550 3332 in
569 3266 666 3332 armis
684 3285 717 3332 et
735 3268 827 3355 equis
845 3265 917 3348 fruit
931 3267 1102 3351 simulans,
1113 3289 1151 3338 ut
1170 3269 1276 3351 fertur,
1287 3291 1333 3336 ne·

145 3379 214 3447 scio
227 3404 326 3471 quem
337 3383 492 3449 miserum
503 3383 634 3470 suisque
644 3383 766 3448 meritis
774 3382 924 3473 dignum,
934 3383 1154 3476 indicioignis
1166 3387 1250 3456 duci.
1281 3386 1333 3452 bot

145 3514 254 3562 autem
277 3519 344 3563 non
367 3516 500 3577 temere,
520 3498 623 3564 immo
642 3498 788 3566 consulte
807 3518 915 3567 actum
933 3518 997 3583 est;
1016 3520 1052 3567 ut
1070 3500 1118 3584 hi,
1141 3503 1233 3572 velut
1254 3501 1333 3570 fiune

145 3613 237 3693 acies,
252 3615 384 3680 caeteris
396 3613 510 3681 urbem
523 3613 773 3682 discurrenttbus
783 3615 928 3683 subsidio
938 3638 999 3706 pro
1010 3619 1124 3685 castris
1138 3617 1256 3688 forent.
1288 3617 1333 3684 de·
1354 3628 1374 3676 ut

145 3725 219 3794 inde
239 3726 279 3794 ad
298 3751 386 3795 arma
409 3728 585 3797 discurrere
604 3750 746 3797 meteres
764 3734 848 3819 regis
867 3732 985 3799 milites
1003 3732 1115 3800 subito
1138 3759 1197 3824 per
1212 3734 1333 3824 homine

26 3868 48 3900 ιι
75 3867 89 3899 ⁸
145 3844 334 3910 nunciatum
348 3864 406 3911 esa
443 3847 590 3932 rerum}
604 3846 638 3913 in
657 3846 847 3935 ipsoprimo
858 3847 1010 3928 tumultu,
1024 3847 1229 3919 destinantur
1239 3845 1332 3919 muntii

146 3961 231 4049 regis
254 3961 365 4027 armati
391 3961 425 4027 in
448 3964 548 4050 expuis,
575 3963 631 4051 qui
655 3984 712 4050 per
738 3961 851 4028 urbem
874 3961 993 4030 domos
1017 3964 1206 4055 principum
1228 3986 1260 4033 et
1277 3983 1332 4030 ma·

147 4099 288 4166 gnorum
307 4077 428 4145 ciuium
447 4079 588 4156 visitent,
612 4077 698 4145 buud
717 4098 838 4145 temere
862 4079 1065 4168 explorantes
1084 4083 1142 4171 qui
1169 4084 1286 4150 civium
1306 4080 1331 4146 iu

147 4195 243 4260 armis
258 4195 333 4271 sint,
351 4195 448 4284 quise
467 4195 593 4284 publice
612 4216 666 4262 aur
681 4195 719 4248 Ψ
737 4195 863 4262 occidte
880 4217 969 4261 arma
986 4218 1111 4283 parent
1154 4199 1190 4265 lui
1208 4201 1331 4290 primum
1354 4208 1374 4272 15

148 4309 273 4392 liutei,
291 4309 406 4378 dende
420 4310 581 4380 Guidonis
599 4311 717 4378 domos
740 4312 881 4379 uisitrnn
927 4334 1042 4379 serum
1059 4313 1250 4404 priuisqmm
1265 4313 1333 4383 Mat·

201 4612 509 4659 nisenam
555 4613 802 4665 usurarum
852 4614 1056 4669 musam
1106 4614 1336 4664 mnemia

148 4692 281 4748 arm
337 4695 789 4745 &sumamma
854 4693 1026 4749 rutarum
