3142 5730
372 453 399 508 1.
428 454 486 509 DE
517 454 830 510 CERMENATE.
1134 462 1193 530 107

167 691 256 742 ratres
269 676 443 764 increpans,
473 701 489 740 ι(
506 676 655 760 vultisne,
670 678 782 766 inquit,
796 680 1067 747 excommunicati
1080 702 1195 770 corpus

167 811 228 856 tum
243 788 350 856 ferre?
365 815 381 853 i>
400 790 444 857 (¹).

167 904 282 972 [nterea
297 904 447 971 Vercellis
462 905 575 973 seditio
591 907 674 974 inter
689 909 773 975 cives
790 928 879 977 mota
890 909 963 976 illuc
975 911 1105 977 suscitat
1120 909 1195 977 Phi·

167 1021 190 1088 le
213 1018 382 1101 Sabaudia‚
402 1022 456 1109 qui
479 1040 514 1089 ut
537 1023 634 1110 ipsius
654 1021 738 1091 urbis
762 1026 1008 1114 communisque
1030 1042 1134 1093 rector
1155 1047 1195 1092 eo

167 1133 260 1204 ¹'erens
291 1137 532 1225 compositionis
564 1159 667 1219 causa,
702 1160 768 1205 non
799 1139 869 1207 talis
889 1162 907 1207 a
930 1138 1108 1207 Tizonibus
1140 1162 1194 1207 eo-

167 1249 344 1340 equacibus
364 1250 500 1320 creditus
519 1271 578 1335 est,
592 1251 648 1321 sed
663 1252 837 1344 suspectus.
884 1255 939 1343 qui
952 1255 1028 1323 illuc
1042 1256 1195 1323 comitem

167 1384 199 1430 m
225 1362 308 1431 illico
341 1363 545 1453 sequentibus
567 1364 663 1433 literis
696 1384 790 1454 atque
819 1367 942 1435 nunciis
972 1385 1195 1455 provocarunt.

172 1478 312 1547 adventu
332 1502 399 1548 non
418 1478 502 1548 urbis
520 1481 636 1550 seditio
660 1482 792 1564 tollitur,
807 1482 863 1550 sed
882 1502 1037 1567 novatur;
1055 1507 1142 1566 nam,
1163 1501 1197 1550 ut

167 1617 202 1661 ex
228 1595 403 1683 proposito,
423 1613 492 1662 orta
520 1596 586 1663 rixa
609 1597 690 1664 inter
719 1595 888 1665 familiares
912 1597 1074 1686 utriusque
1097 1597 1204 1680 ducis‚·
1264 1627 1265 1630 ¹

181 1707 286 1778 subito
318 1733 391 1778 cum
414 1711 552 1779 tumultu
580 1713 677 1801 captis
707 1713 813 1794 armis,
831 1712 975 1779 Vamerii
1000 1710 1118 1779 familia
1140 1734 1197 1800 po-

167 1822 224 1908 uit,
247 1845 279 1892 et
307 1825 443 1915 spoliato
473 1827 610 1915 hospitio
634 1825 782 1917 Philippi,
805 1829 872 1917 ipse
900 1821 1018 1896 relictis
1054 1826 1143 1915 equis
1167 1845 1208 1898 et.

190 1962 288 2029 prope
312 1939 416 2009 nudus
440 1942 541 2034 milite
563 1943 595 2009 in
615 1961 752 2010 castrum
770 1941 1023 2024 Advocatorum,
1039 1939 1126 2029 quod
1148 1957 1197 2007 tu·

167 2079 348 2146 temporeo
377 2081 436 2125 suo
465 2057 549 2125 urbis
579 2059 675 2127 latere
704 2060 802 2127 situm
829 2077 935 2127 tutum
964 2057 1197 2146 receptaculum

167 2195 222 2240 uae
234 2171 378 2240 factionis
394 2192 472 2254 erat,
485 2175 568 2241 vitae
583 2173 754 2242 consulens
768 2173 852 2263 fugit
866 2174 911 2242 (²).
957 2174 1010 2240 hic
1033 2172 1198 2260 Philippus

167 2287 252 2356 ribus
270 2289 426 2377 imparem
440 2290 580 2356 sentiens
594 2313 640 2371 se,
660 2289 737 2358 dum
752 2309 873 2379 paratas
888 2306 998 2357 contra
1012 2311 1047 2356 se
1062 2306 1197 2375 magnas

167 2403 300 2471 tensium
333 2422 529 2472 armatorum
561 2407 667 2493 copias
699 2406 804 2487 sentit,
835 2403 995 2472 Vercellas
1018 2403 1143 2491 linquit,
1167 2419 1199 2469 et

167 2518 251 2587 redit.
298 2518 412 2587 deinde
442 2538 516 2608 post
549 2543 668 2608 paucos
700 2519 768 2588 dies
791 2519 972 2587 Taurinum
999 2518 1068 2599 ivit,
1102 2539 1199 2607 quam

167 2633 315 2702 lmadeus
338 2654 467 2724 patruus
498 2636 575 2718 eius,
599 2659 656 2725 pro
689 2655 839 2725 usurpato
864 2658 935 2702 ase
959 2635 1112 2702 comitatu
1143 2633 1199 2700 Sa·

167 2749 218 2838 ,psi
241 2748 389 2838 Philippo
412 2751 588 2838 pertinente
606 2751 815 2819 successionis
838 2751 917 2832 iure,
936 2749 1041 2817 eidem
1070 2746 1199 2816 dederat

167 2864 233 2931 lam
258 2887 332 2931 cum
360 2865 481 2953 aliquot
507 2865 630 2954 oppidis
660 2866 695 2932 in
721 2864 935 2933 Pedemontio
969 2863 1051 2946 sitis;
1074 2862 1200 2929 relictus

167 2996 208 3045 rat
223 2977 387 3067 Philippus
402 2981 460 3048 iste
474 2979 611 3069 pupillus
630 2981 726 3068 ipsius
742 2980 845 3068 patrui
858 2979 986 3062 tutelae,
1002 2978 1057 3067 qui
1072 2975 1199 3045 sibimet

167 3115 179 3161 s
196 3094 265 3162 iura
283 3113 401 3163 tutatus
421 3115 477 3172 est.
524 3095 576 3161 hic
594 3094 758 3184 Philippus
781 3095 922 3162 sentiens
947 3091 1125 3161 Gibellinos
1144 3092 1198 3159 Li·

181 3212 281 3279 totius
311 3211 374 3278 fere
399 3211 608 3280 Lombardiae
640 3229 750 3279 contra
772 3233 828 3279 eos
860 3212 928 3278 eius
946 3229 1043 3298 prava
1066 3207 1197 3274 consilia

167 3325 386 3394 achinamenta
416 3326 601 3415 percepisse,
632 3348 667 3393 ac
700 3327 806 3414 ipsum
833 3325 987 3392 comitem
1009 3321 1198 3389 Varnerium

167 3443 297 3509 mnium
325 3444 513 3509 instructum
533 3465 612 3524 esse,
636 3441 783 3531 deinceps
806 3441 897 3509 omni
916 3463 971 3530 spe
994 3440 1028 3506 in
1047 3437 1112 3506 suis
1131 3459 1200 3527 par·

167 3555 306 3623 minandi
338 3557 451 3644 posita,
474 3556 569 3623 solito
601 3556 713 3623 salario
737 3577 796 3623 suo
819 3552 1024 3644 percipiendo
1045 3550 1159 3618 saltem
1183 3572 1201 3615 a

167 3694 218 3739 >us
249 3694 358 3740 curam
382 3670 480 3754 dedit,
504 3690 535 3738 ct
564 3669 741 3739 celebrandi
759 3670 885 3759 nuptias
908 3668 1017 3756 gratia,
1037 3682 1200 3734 contracto

167 3787 219 3855 nio
254 3785 320 3869 filii,
351 3785 553 3875 quorundam
585 3785 741 3853 nobilium
776 3784 981 3874 Papiensiut'n
1013 3781 1199 3850 comitivam

167 4061 304 4127 enotizia,
322 4061 491 4133 largamente
510 4060 586 4116 sfrut·
630 4060 698 4114 Flac.
714 4059 788 4125 XVI,
802 4058 855 4126 488
870 4073 886 4111 e
900 4073 958 4128 sgg.
995 4054 1048 4109 Per
1065 4053 1092 4107 la
1107 4052 1201 4106 critice

167 4143 245 4215 tigli
259 4144 352 4198 storici
366 4144 510 4208 lombardi,
528 4160 583 4197 non
630 4142 700 4198 delle
719 4143 793 4197 varie
811 4141 878 4196 sonti
897 4140 926 4194 in
947 4149 1075 4211 rapporto
1098 4137 1125 4191 ai
1143 4135 1201 4190 fatti

167 4226 287 4297 ppoggio
302 4225 454 4280 all'inluori
469 4225 513 4280 del
529 4226 562 4281 C.
630 4227 681 4281 che
694 4227 740 4298 qui
752 4225 775 4280 si
784 4240 900 4278 natrano
914 4221 947 4278 cl
962 4219 1201 4292 Gtutm1‚op.cit

179 4310 214 4365 G.
239 4311 389 4378 Versum,
410 4312 504 4366 Chrun.
531 4313 585 4365 Ast.
631 4310 678 4376 IV,
697 4327 730 4365 22
749 4327 764 4363 e
795 4308 1127 4381 sgg.;C.D10u1sonr1,
1151 4304 1203 4357 Μι-

167 4410 289 4465 tesgg.;
306 4393 400 4448 Clron.
414 4395 469 4449 hist.
479 4396 586 4465 Aquent.
631 4397 709 4448 morie
726 4394 831 4449 storithe
843 4392 869 4447 δι’
886 4391 995 4454 Venelli,
1013 4388 1107 4456 niella,
1125 4385 1202 4454 1864,

167 4478 289 4533 ’caumont
302 4479 330 4532 in
343 4480 504 4543 Momouor,
515 4481 585 4534 Mon.
631 4495 645 4531 e
658 4478 693 4532 D.
707 4477 896 4540 Cannutium,
913 4475 929 4529 1
944 4475 1047 4544 Tiqquni
1060 4492 1073 4528 ι
1086 4472 1121 4543 gli
1134 4471 1204 4526 Avo·

167 4563 202 4628 11,
221 4579 245 4617 c.
262 4579 313 4636 209
331 4580 346 4616 e
365 4581 423 4635 sgg.
444 4581 458 4617 e
478 4581 524 4635 per
539 4563 584 4635 piu
628 4563 717 4633 gadra,
738 4561 849 4634 saggio;
871 4559 986 4625 Totino,
1015 4559 1090 4624 1842,
1115 4573 1140 4627 p.
1168 4554 1201 4608 28

167 4646 227 4702 tizie
239 4646 306 4701 Ate.
320 4647 469 4715 Mussaro,
481 4664 526 4720 op.
541 4647 585 4701 cit
631 4665 646 4702 e
660 4664 720 4719 sgg.

169 4747 237 4797 vm3
258 4732 280 4787 1.
296 4747 333 4787 on
350 4732 465 4799 Mussrs,
491 4731 585 4786 Chrun.
