3142 5730
494 109 823 169 PREFAZIONE.

61 387 126 459 Ma
144 386 180 459 la
207 387 353 483 prioritd
377 387 435 461 del
459 404 554 462 testo
574 387 680 462 Della
698 389 831 463 Chiesa
850 389 1003 464 richiede
1021 417 1092 465 una
1110 394 1251 466 convin-

59 534 164 593 oente
181 518 471 606 dimostrazione;
500 547 522 595 e
549 522 606 594 noi
634 520 826 594 l’abbiamo
844 539 985 596 cereata
1003 548 1074 595 non
1098 522 1252 599 soltanto

59 650 118 726 nel
135 669 332 727 contenuto
358 680 380 727 e
406 653 499 727 nella
515 654 630 728 forma
648 655 683 726 di
703 654 786 750 quel
804 672 900 728 testo
917 657 1013 729 assai
1032 655 1093 752 piir
1114 658 1249 753 ampi0‚

58 784 445 881 gmmmaticalmente·
466 812 573 860 meno
609 803 774 870 corrett0,
806 812 864 859 nra
892 785 1001 860 molte
1028 788 1125 862 volte
1156 791 1251 862 assai

58 917 120 1014 piir
148 917 295 992 efficace
321 914 506 1009 dell'aluo,
535 944 606 993 non
632 944 759 993 scevro
786 920 821 991 di
849 919 962 994 diserti
990 947 1055 1017 per
1074 920 1251 1018 frequenti

58 1051 254 1146 ripetizioni
282 1051 317 1123 di
345 1052 508 1124 costrutti
536 1078 557 1124 e
590 1051 626 1123 di
663 1050 796 1148 parole,
831 1077 897 1148 per
931 1053 1250 1128 sovrabbondanza

10 1186 20 1201 “
58 1181 94 1255 di
120 1183 347 1281 digressioni,
377 1172 444 1257 che
479 1181 570 1258 nelle
608 1183 783 1258 redarioni
820 1186 1009 1280 posteriori
1037 1187 1250 1283 parveroai

58 1317 270 1393 trascrittori
296 1317 405 1393 inutili
424 1343 446 1392 e
472 1317 631 1391 dannose
649 1315 894 1391 all'economia
911 1317 969 1391 del
989 1336 1174 1404 racconto;
1192 1345 1252 1392 ma

57 1450 120 1546 piu
155 1450 222 1524 che
258 1466 353 1525 tutto
385 1448 477 1524 nella
508 1451 743 1545 persuasione
780 1450 846 1523 che
873 1449 895 1522 il
925 1451 1085 1548 Morigia
1120 1477 1251 1525 avesse

57 1581 269 1656 sott'occhio
305 1579 328 1653 il
362 1597 457 1655 testo
492 1581 598 1654 Delia
627 1581 760 1655 Chiesa
787 1609 808 1655 e
835 1607 906 1656 non
933 1579 1050 1655 l'altro
1077 1582 1142 1656 che
1170 1583 1251 1656 rite·

58 1717 182 1790 niamo
199 1729 361 1812 appunto
379 1739 445 1810 per
459 1714 513 1788 cib
530 1715 591 1809 piri
611 1732 764 1789 recente.
814 1715 977 1813 Veggasi
997 1715 1054 1788 dai
1074 1716 1248 1789 raffronti:

157 1972 337 2029 Carneum
566 1975 595 2026 B.
614 1974 743 2029 Moructn
974 1974 1151 2030 Canxeunre

92 2075 178 2139 (testo
193 2073 237 2126 De
252 2071 401 2143 Capitani).
474 2070 632 2142 (Chronicon
651 2072 835 2143 Molotticnsc).
908 2075 990 2140 (testo
1005 2073 1084 2127 Della
1099 2073 1221 2143 Chiesa).

140 2221 210 2294 Cap.
229 2220 342 2274 XXXV.
518 2220 575 2274 Lib.
591 2221 624 2285 11,
639 2239 698 2293 cap.
720 2237 780 2276 v111.
959 2221 1027 2292 Cap.
1046 2222 1158 2278 XXXV.

92 2345 153 2399 Rex
182 2345 282 2408 subito,
311 2343 429 2398 exercitu
501 2342 560 2397 Rex
579 2344 678 2414 itaque,
692 2360 791 2413 magna
810 2361 835 2397 e·
906 2343 963 2397 Rex
983 2344 1081 2416 itaque,
1101 2362 1200 2416 magna
1219 2363 1247 2400 e·

56 2454 238 2512 congregato,
261 2443 353 2513 paucis
373 2441 429 2494 die·
465 2441 570 2512 quitum
603 2453 682 2511 atque
714 2441 834 2511 peditum
871 2442 976 2512 quitum
1013 2454 1092 2517 atque
1128 2443 1248 2513 peditum

54 2539 107 2592 bus
139 2538 297 2592 Cremonae
322 2553 430 2592 moram
466 2537 637 2590 multitudine
668 2537 702 2590 de
733 2536 837 2590 cunctis
874 2537 1044 2592 multitudine
1080 2538 1113 2591 de
1146 2538 1250 2593 cunctis

55 2635 147 2701 traxit,
158 2634 259 2688 deiude
272 2650 366 2688 versus
377 2634 431 2687 Bri-
467 2633 585 2705 partibus
600 2633 780 2687 Lombardiae
796 2651 837 2687 su·
873 2634 1051 2688 Lombardiae
1071 2635 1189 2706 partibus
1204 2653 1248 2688 su-

54 2733 132 2786 xiam
158 2732 254 2797 tendit,
274 2731 321 2786 sed
343 2731 372 2785 in
390 2732 429 2785 iti-
464 2732 521 2785 bito
542 2743 716 2802 congregate,
742 2730 834 2801 paucis
870 2730 926 2785 bito
955 2744 1128 2802 congregata,
1156 2735 1248 2805 paucis

55 2845 124 2883 uere
142 2845 200 2883 non
218 2844 289 2900 quos
310 2829 432 2900 repudiet
467 2828 561 2882 diebus
580 2827 735 2882 Cremonae
756 2828 835 2881 traxit
871 2829 964 2881 diebus
975 2827 1130 2883 Cremonae
1141 2846 1248 2884 moram

58 2927 156 2982 obvios
182 2926 362 2980 Brixiensium
380 2925 431 2980 ho·
466 2941 590 2990 moram3
617 2925 713 2978 deinde
741 2942 835 2979 versus
871 2925 957 2991 traxit,
976 2925 1073 2979 deinde
1089 2942 1182 2980 versus
1196 2927 1250 2981 Bri-

56 3038 150 3089 nores,
168 3034 215 3076 aut
233 3023 290 3076 ulla
308 3039 432 3076 reveren·
467 3022 586 3076 Brixiam
604 3022 696 3075 tendit.
743 3022 837 3075 sedin
873 3024 945 3075 xiam
961 3022 1052 3076 tendit.
1088 3023 1204 3077 sednon
1219 3024 1247 3077 in

56 3122 113 3175 tiae
125 3121 204 3191 sigua
218 3135 334 3191 usquam
349 3119 429 3173 videt.
466 3120 571 3185 itinere,
579 3131 659 3191 prout
665 3119 837 3191 respuitCre-
872 3120 966 3174 itinere
985 3137 1054 3192 quos
1069 3121 1192 3192 repudiet
1203 3122 1249 3175 ob·

56 3233 155 3272 verum
179 3217 330 3288 procedens
356 3216 429 3272 clau·
465 3216 641 3271 monensibus
666 3215 755 3271 nullos
782 3217 837 3271 Bri·
872 3217 931 3271 vios
958 3216 1136 3273 Brixiensium
1164 3218 1249 3272 hono·

54 3331 103 3370 aas
121 3314 195 3370 urbis
213 3327 304 3385 portas
322 3316 429 3386 reperit,
464 3314 599 3370 xiensium
624 3313 741 3381 obvios,
772 3330 836 3368 cum
872 3314 1248 3387 res,autullasignareveren·

55 3426 86 3467 et
96 3411 228 3468 Guelficis
242 3412 430 3482 signisarmis·
464 3429 519 3467 uon
530 3413 639 3466 veniant
654 3411 776 3483 repudiat
785 3411 835 3465 ho·
870 3412 1132 3484 tiaeusquamvidec
1151 3431 1247 3469 verum

53 3526 111 3580 que
149 3508 293 3567 rebellibus
332 3509 429 3580 plenos
464 3525 553 3565 nores.
591 3509 750 3579 procedens,
761 3508 835 3562 clau·
872 3509 1030 3579 procedens,
1050 3510 1155 3564 clausas
1177 3511 1248 3565 urbis

56 3621 161 3659 muros.
187 3605 431 3676 agnoscisne,Hen·
466 3622 509 3659 sas
528 3604 600 3659 urbis
619 3618 711 3675 portas
729 3605 837 3675 reperit,
874 3618 965 3676 portas
974 3607 1073 3676 reperit
1083 3620 1109 3661 et
1120 3605 1251 3661 Guelficis

54 3701 124 3766 rice,
142 3701 207 3772 quid
230 3703 319 3772 egeris
343 3701 376 3755 ad
399 3713 426 3756 te
463 3715 490 3755 et
504 3701 834 3773 Guelficissignisarmis·
873 3702 957 3773 siguis
985 3705 1120 3775 armisque
1148 3704 1251 3759 rebelli·

55 3815 224 3854 conversum
264 3799 430 3869 Supremon·
464 3816 516 3871 que
558 3799 702 3854 rebellibus
740 3799 836 3871 plenos
872 3800 921 3853 bus
930 3800 1026 3870 plenos
1036 3818 1137 3855 muros.
1168 3818 1250 3873 agno·

54 3907 123 3963 tem,
150 3908 179 3951 et
197 3897 317 3952 criminis
338 3898 429 3969 poeni·
464 3913 568 3952 muros.
606 3897 676 3951 bone
695 3914 750 3962 rex,
768 3897 837 3951 indi·
872 3898 960 3951 scisne
979 3914 1051 3951 nunc
1070 3899 1134 3970 quid
1152 3899 1249 3970 egeris,

57 4005 162 4049 tentem
194 3994 312 4049 carceris
340 4010 429 4066 poena
466 4011 549 4066 guam
563 4010 646 4066 quam
658 3994 836 4066 Supramonti
872 3995 942 4048 bone
964 4011 1018 4059 rex,
1037 3995 1249 4067 Supramontem

58 4089 212 4146 damnas?
248 4102 313 4146 tuuc
334 4103 431 4146 contra
466 4103 494 4147 et
511 4090 621 4162 reliquis
635 4090 670 4145 ad
685 4102 712 4145 te
727 4107 838 4147 conver·
873 4103 901 4144 et
916 4090 1033 4162 reliquos
1049 4092 1083 4145 ad
1098 4105 1124 4145 te
1139 4106 1250 4144 conver·

58 4195 84 4240 te
101 4186 223 4243 clausisti
234 4199 337 4258 portas,
351 4200 379 4243 et
392 4205 431 4242 ar·
466 4190 504 4243 sis
536 4186 675 4243 conurlisti
706 4204 835 4259 poenam,
871 4204 927 4254 sos,
940 4200 966 4241 et
979 4188 1099 4242 criminis
1112 4188 1250 4259 poeniten·

60 4286 136 4337 masti
156 4270 230 4338 cives'
248 4285 364 4351 Brixiae,
381 4302 430 4358 pe·
464 4282 595 4340 rebellem
622 4283 687 4338 iacit
714 4285 763 4338 tibi
783 4285 837 4338 Bri·
872 4298 913 4339 tes
946 4285 1061 4339 carceris
1085 4300 1173 4357 poena
1203 4284 1249 4336 da·

61 4382 161 4436 remini
189 4382 315 4440 militiam
342 4396 426 4439 tuam
462 4384 546 4449 mam,
568 4399 639 4454 quae
666 4383 728 4438 altis
751 4383 836 4438 muris
873 4383 989 4437 mnans?
1026 4395 1090 4439 tunc
1110 4395 1203 4439 contra
1221 4394 1248 4438 te
