3142 5730
218 508 280 577 124
681 501 925 559 nrsronro

218 753 234 790 o
252 725 330 815 quid
352 725 556 815 quaeritis?o
605 742 638 791 at
660 723 704 790 illi
726 722 873 814 superbia
895 721 993 810 pleni,
1013 720 1156 788 evidere
1172 719 1315 802 volumus,
1333 723 1364 788 in·

213 842 339 932 quiunt,
358 863 440 930 quae
462 842 496 908 in
515 840 699 908 cancellaria
713 839 830 918 literae,
846 839 880 905 in
894 859 1035 926 quorum
1052 836 1365 925 favorem,quon1mre

145 937 150 951 ⁵
213 958 385 1046 perniciem
413 979 467 1023 eas
490 956 646 1024 destinare
676 955 799 1023 conaris
828 981 860 1021 o.
906 974 1011 1042 neque
1034 951 1172 1041 amplius
1199 953 1232 1019 in
1252 973 1365 1018 sermone

214 1072 339 1154 morati,
363 1069 403 1137 ad
427 1069 646 1139 cancellariam
669 1069 765 1159 legati
786 1069 870 1157 regis
893 1067 1040 1135 tendunt
1087 1066 1132 1133 ibi
1155 1088 1311 1135 conversus
1329 1088 1365 1131 or·

213 1187 296 1255 dinis
310 1186 529 1254 cisterciensis
545 1184 701 1267 barbanu,
715 1184 878 1252 illiteratus
889 1205 963 1272 prae
981 1206 1016 1250 se
1030 1181 1065 1238 (⁸)
1080 1204 1238 1271 magnum
1253 1203 1365 1249 acervom
1385 1207 1408 1272 15

213 1303 373 1371 literarum
396 1321 495 1382 tenet,
524 1323 602 1391 quas
625 1303 745 1390 antiqui
769 1301 868 1368 moris
892 1299 998 1366 curiae
1020 1297 1224 1366 observantia
1244 1297 1312 1365 forte
1330 1317 1367 1384 pt·
1432 1331 1434 1350 ι

213 1416 275 1507 pali
290 1417 375 1486 bulla
393 1436 476 1486 tecta
493 1440 592 1485 manu
615 1417 732 1506 signat,
747 1440 788 1484 ne
810 1415 952 1483 literatus
967 1436 1103 1483 munere
1128 1432 1183 1482 aut
1197 1434 1368 1503 personarum

215 1534 399 1623 acceptione
434 1551 598 1622 corruptus
628 1533 819 1622 posteriores
841 1529 999 1619 prioribus
1021 1531 1209 1619 postpositis
1230 1527 1315 1596 literis
1333 1525 1370 1593 ali·

215 1649 344 1739 quando
368 1650 558 1738 praesignet
619 1649 663 1716 ibi
685 1649 810 1737 utrique
842 1646 985 1715 Gallicae
1011 1646 1117 1735 stirpis
1149 1668 1261 1734 regum
1284 1642 1371 1709 inrisas

214 1767 373 1854 reperiunt
405 1783 497 1855 atque
528 1764 640 1853 legunt
669 1764 784 1845 literas,
818 1761 934 1850 quibus
967 1763 1195 1850 imperatorem
1230 1759 1373 1826 Henricum
1390 1776 1417 1823 to

215 1903 353 1969 suosque
384 1902 551 1969 processus
575 1880 697 1948 cunctis
716 1877 862 1945 fidelibus
884 1877 1004 1966 papalis
1034 1875 1126 1943 favor
1143 1870 1374 1943 recommendare

216 1997 297 2065 velle
327 1994 503 2078 videbatur,
525 1993 690 2063 suadendo
714 2013 748 2063 ut
771 1993 877 2061 eidem
904 1991 1037 2060 fideliter
1070 1991 1248 2060 obedirent.
1289 1989 1377 2056 baum

215 2134 287 2201 pars
310 2113 386 2194 iam,
411 2135 481 2201 pars
501 2110 648 2179 nondum
670 2111 824 2200 sigillatae
843 2129 948 2192 erant;
967 2131 1082 2176 ornnes
1105 2127 1216 2176 tamen
1239 2107 1277 2174 ad
1297 2102 1377 2194 ponti·

216 2225 284 2294 ficis
298 2227 516 2315 praesentiam
545 2225 649 2293 ferunt
673 2247 789 2315 easque
813 2248 887 2293 cum
910 2224 1131 2314 indignatione
1153 2223 1195 2291 ad
1216 2222 1308 2312 pedes
1330 2220 1381 2286 eius

216 2360 379 2432 spargunt.
430 2368 446 2405 «
461 2343 581 2409 haecne
596 2363 653 2430 pro
670 2341 789 2409 meritis
812 2339 942 2408 reddere
959 2338 1113 2408 beneficia
1127 2338 1278 2407 didicistis
1292 2356 1383 2405 eorum
1402 2350 1427 2417 25

218 2456 325 2524 hostes
356 2475 526 2538 armantes,
555 2478 692 2545 quorum
711 2454 980 2545 praedecessores,
1002 2477 1068 2523 non
1093 2454 1222 2522 modica
1243 2452 1386 2542 sanguinis

218 2571 383 2652 effusione,
398 2570 556 2639 Ecclesiae
575 2571 712 2661 pericula
730 2589 762 2638 et
781 2571 909 2639 iniurias
931 2570 1181 2660 propulsarunt?
1219 2568 1388 2638 credebatne

219 2685 354 2754 Carolus
381 2685 460 2752 olim
484 2704 592 2755 contra
616 2684 822 2754 Manfredum
849 2686 1064 2753 Tarentinum
1088 2685 1233 2775 aliosque
1262 2705 1391 2775 persecu·

218 2818 302 2868 tores
317 2800 326 2892 ll
343 2800 501 2869 Ecclesiae
515 2824 549 2868 se
565 2824 743 2892 opponens,
762 2820 895 2892 nepotes
911 2803 978 2870 eius
994 2799 1168 2869 rectoribus
1187 2801 1297 2889 ipsius,
1309 2819 1392 2889 quam

218 2917 342 3006 saepius
369 2915 524 3000 liberavit,
547 2917 704 2985 Ecclesiae
728 2919 773 2984 sic
791 2917 942 2986 tractari?
987 2940 1043 2984 cur
1068 2938 1135 2984 non
1159 2917 1193 2982 in
1219 2939 1318 3004 quem
1335 2936 1393 3005 pro·
1415 2926 1434 2995 3(

218 3031 317 3098 tervia
339 3053 394 3099 sua
410 3032 505 3100 traxit
520 3032 675 3099 Bonifatii
699 3055 798 3122 papae
813 3055 903 3101 casus
922 3050 953 3098 te
973 3030 1106 3099 docuit?
1153 3051 1239 3098 certe
1254 3033 1280 3099 si
1304 3031 1395 3098 alieno

219 3146 326 3215 doceri
357 3149 459 3216 nescis
484 3147 643 3236 exempla,
669 3147 747 3214 alios
779 3146 905 3216 docebis
928 3165 985 3215 tuo
1009 3173 1040 3214 ».
1086 3146 1136 3214 his
1161 3147 1294 3235 aliisque
1324 3145 1397 3214 duris

218 3263 420 3332 sermonibus
436 3264 541 3332 omnis
559 3264 741 3333 Germanici
760 3265 909 3354 principis
929 3265 1086 3332 extinctus
1105 3262 1209 3345 favor,
1229 3262 1398 3352 fauorisque

218 3379 326 3446 literae
349 3380 483 3447 reiectae
501 3399 587 3460 sunt,
611 3403 715 3470 neque
748 3403 856 3448 earum
880 3380 1008 3448 ulterius
1039 3380 1161 3447 mentio
1188 3378 1261 3446 fuit.
1307 3380 1399 3445 immo

220 3495 251 3561 in
279 3496 472 3562 contrarium
500 3495 688 3564 mandatum
721 3495 930 3584 apostolicum
960 3495 1129 3563 obtentum
1152 3513 1211 3577 est,
1234 3519 1293 3584 per
1325 3492 1430 3585 quod3

219 3610 400 3698 imperatori
416 3609 587 3679 inhibitum
601 3631 649 3679 est
667 3635 707 3678 ne
722 3633 832 3699 regem
857 3610 1033 3680 Robertum
1048 3611 1178 3678 invadat
1202 3629 1298 3700 atque
1316 3611 1400 3679 armis

219 3723 355 3807 infestet,
375 3727 561 3816 praecipuae
573 3728 607 3794 in
627 3748 728 3816 regno
743 3726 887 3815 Apuliae,
902 3726 989 3816 quod
1006 3727 1163 3794 Ecclesiae
1178 3729 1400 3816 patrimonium

220 3856 267 3906 est
282 3838 325 3906 (¹).

272 4034 307 4090 (u)
322 4032 380 4078 Mur.
396 4045 464 4089 penes
477 4048 501 4077 ee

257 4211 298 4280 (r)
317 4209 371 4265 Noi
386 4226 443 4263 non
458 4210 600 4281 sappiamo
615 4223 715 4281 quanta
731 4209 792 4264 fede
837 4210 952 4264 nitiva
980 4224 1075 4265 contro
1092 4229 1119 4265 re
1139 4211 1275 4266 Roberto:
1294 4232 1309 4262 e
1320 4214 1411 4267 decre·

221 4295 346 4349 meritino
374 4295 383 4347 i
411 4293 564 4366 particolari
584 4295 792 4350 dell'intervista
840 4308 921 4349 otum
950 4308 991 4349 est
1015 4294 1119 4366 legatos
1147 4296 1180 4348 ad
1208 4313 1309 4367 papam
1332 4294 1409 4367 dirigi

220 4391 260 4432 tra
274 4379 310 4449 gli
324 4378 514 4432 ambasciatori
525 4377 667 4450 diFilippo
681 4380 699 4432 il
713 4380 791 4434 Bello
838 4396 926 4432 ocum
955 4379 1035 4451 regiis
1064 4379 1223 4450 rescriptis»
1261 4379 1310 4449 (cf.
1343 4382 1411 4435 Aen.

221 4463 272 4515 cil
293 4463 452 4516 cancellicre
481 4461 621 4535 pontificio
641 4465 686 4534 qui
708 4463 791 4518 riseri·
837 4464 984 4530 Mussaro,
1002 4464 1075 4529 XVI,
1098 4464 1214 4531 rubr.1).
1251 4463 1412 4518 IlMussato

220 4545 281 4609 tici;
303 4557 378 4600 tanto
398 4546 442 4617 piu
462 4546 513 4600 cho
532 4547 560 4600 lo
579 4547 702 4601 scrittore
728 4565 790 4619 pare
836 4560 924 4603 stesso
943 4550 978 4601 ha
997 4548 1152 4620 pubblicato
1171 4548 1197 4601 la
1216 4547 1313 4602 lettera
1337 4548 1413 4619 regia

220 4629 308 4682 molto
327 4643 509 4701 preoccupato
529 4647 544 4683 a
564 4631 691 4696 cercarvi,
707 4651 721 4685 e
736 4649 791 4685 non
836 4646 988 4704 presentata
1007 4650 1022 4686 a
1042 4633 1184 4688 Clemente
1204 4634 1237 4699 V,
1256 4633 1366 4687 nonche
1385 4633 1413 4685 la

221 4728 300 4766 senza
319 4713 407 4777 satira,
434 4713 460 4769 la
487 4727 553 4769 nota
572 4719 692 4782 comica;
718 4729 791 4771 certo
837 4716 1344 4790 enciclicaponnficiadelpluglio,in
1360 4718 1410 4782 cui,

210 4799 242 4854 si
262 4800 277 4850 d
296 4798 347 4852 che
369 4800 443 4870 dopo
461 4800 487 4852 la
507 4800 677 4854 Sentenza
706 4799 791 4854 defi·
836 4817 915 4855 senza
934 4803 1121 4857 direttamente
1137 4802 1311 4857 condamnare
1324 4801 1407 4874 l'ope·
