3142 5730
341 448 362 513 4
815 439 1059 498 nrsronrn

187 702 208 738 e.
224 690 278 751 ⁶9·
339 662 413 732 chra
432 664 528 732 etiam
539 665 682 732 oratione
694 663 845 752 superbos
856 662 865 754 fl
877 663 1059 752 saepissime
1073 661 1296 743 refraenantes‚
1309 680 1340 729 et
1357 683 1429 751 quos
1443 683 1496 728 sen·

337 781 435 849 timus
458 780 637 849 iracundiae
660 781 755 849 nimis
777 802 906 869 pronos.
952 777 1136 848 huiusmodi
1163 797 1273 847 tamen
1299 777 1432 846 miseriae
1453 777 1494 846 hu·

337 916 572 984 manorumque
588 894 740 962 vitiorum
752 890 891 961 remedia
902 891 972 981 plus
983 890 1134 980 prodesse
1147 890 1296 960 videmus
1311 893 1338 958 si
1350 914 1411 959 non
1420 889 1495 958 modo

336 1008 554 1097 praesentibus
572 1009 660 1077 velut
679 1026 751 1077 ante
770 1006 880 1077 oculos
895 1007 1016 1096 sculpta
1027 1006 1062 1063 (¹)
1079 1006 1136 1075 sed
1154 1008 1253 1075 etiam
1279 1008 1407 1097 posteris
1429 1024 1494 1074 nota·

337 1124 450 1194 bilibus
470 1123 663 1194 mandentur
687 1125 850 1215 exemplis,
877 1143 988 1213 utpote
1013 1146 1071 1213 per
1098 1123 1299 1213 scripturam,
1326 1146 1402 1213 quae
1427 1122 1495 1189 unica

335 1242 540 1312 scientiarum
560 1261 654 1333 atque
680 1242 793 1311 artium
821 1241 996 1310 liberalium
1023 1238 1126 1309 fidelis
1155 1258 1263 1308 custos
1291 1237 1457 1307 mortalibus
1470 1259 1495 1305 ac

335 1360 479 1429 ministra
503 1383 630 1448 semper
651 1359 766 1428 fuitst).
813 1382 887 1428 cum
910 1361 1015 1449 itaque
1037 1360 1243 1448 antiquorum
1264 1357 1424 1448 praeclaris
1441 1376 1495 1442 ope

334 1495 405 1541 rum
428 1473 551 1557 studiis,
562 1476 706 1543 scrutatis
719 1473 863 1563 undique
871 1472 966 1557 libris,
979 1474 1080 1562 gratia
1099 1473 1171 1555 Dei,
1192 1472 1364 1563 aliquando
1386 1470 1495 1562 profece-

333 1591 406 1672 rim,
418 1613 459 1658 ne
471 1589 568 1678 digne
579 1589 726 1679 redargui
740 1590 862 1679 possim
876 1612 913 1657 ac
929 1586 991 1657 dici
1005 1588 1098 1656 alieni
1109 1610 1237 1679 semper
1247 1605 1399 1656 scrutator
1408 1586 1495 1675 operis,

334 1703 413 1773 nihil
426 1703 592 1793 deponens
607 1723 660 1773 aut
675 1706 809 1794 posteris
825 1704 1041 1794 perlaborans;
1057 1725 1138 1794 quae
1153 1720 1328 1772 occurrunt
1340 1725 1409 1792 prae
1421 1698 1495 1768 oculis
1561 1756 1569 1762 .

333 1821 450 1888 nostris
469 1820 569 1890 relatu
588 1820 685 1911 digna
704 1820 839 1902 decrevi,
853 1840 949 1910 prout
966 1839 1056 1910 gesta
1070 1838 1156 1901 sunt,
1171 1818 1349 1888 describere
1359 1819 1400 1885 (ί).
1439 1814 1495 1885 etii
1559 1838 1569 1878 t

334 1959 371 2004 ea
380 1936 511 2026 quidem
522 1936 690 2005 lectoribus
706 1936 843 2005 multum
855 1935 1006 2025 prodesse
1020 1935 1168 2005 existimo
1182 1935 1225 2019 (²),
1243 1960 1320 2003 nam
1332 1935 1406 2004 dum
1415 1953 1494 2001 rerum
1565 1958 1569 1995 .·

256 2040 259 2045 ’
334 2071 428 2141 atque
440 2052 768 2143 hominumiievenrus
777 2053 960 2120 examinant
970 2070 1063 2141 atque
1071 2051 1290 2141 cemuntquid
1303 2045 1495 2140 vitentquidue
1566 2072 1569 2109 t

333 2185 506 2256 sequantur
523 2166 642 2235 ibidem
667 2166 816 2256 exemplo
835 2168 973 2255 capiunt.
1020 2188 1132 2255 verum
1152 2189 1193 2234 ne
1212 2189 1265 2232 me
1284 2167 1424 2254 ignarum
1443 2183 1494 2228 mu

332 2279 466 2349 dicitatis
485 2283 594 2371 ingenj
615 2285 679 2350 mei
695 2283 776 2351 forte
794 2282 928 2351 lectores
944 2300 1067 2371 putent,
1084 2281 1161 2351 dum
1177 2282 1296 2350 viribus
1315 2283 1427 2348 maiora
1444 2299 1494 2368 pro

332 2399 438 2478 mitto,
453 2416 621 2486 protestor,
634 2398 722 2466 volui
730 2398 837 2488 plures
852 2397 892 2466 ad
907 2396 970 2466 hoc
986 2399 1122 2488 aptiores
1135 2397 1285 2466 inducere
1300 2397 1492 2486 sipotuisscm.
1510 2380 1535 2462 ²5

331 2535 372 2578 ne
392 2513 497 2601 itaque
516 2530 583 2579 tam
603 2531 827 2582 monstruosae
846 2534 953 2581 rerum
973 2513 1085 2596 moles,
1105 2536 1182 2603 quas
1201 2512 1297 2580 tristis
1309 2511 1344 2568 (s)
1366 2528 1440 2578 aetas
1454 2526 1494 2573 no
1564 2498 1568 2505 ’

331 2645 395 2694 stra
407 2626 496 2709 vidit,
512 2651 656 2718 quasque
668 2629 735 2717 ipsa
746 2628 904 2697 horribilis
920 2648 952 2697 et
964 2651 1050 2696 nova
1060 2649 1167 2697 rerum
1183 2629 1356 2696 enormitas
1367 2619 1493 2692 mirabiles

331 2765 367 2809 ac
384 2742 481 2810 relatu
497 2740 610 2831 dignas
625 2743 738 2828 effecit,
753 2763 894 2833 pereant,
914 2743 1016 2812 immo
1033 2745 1143 2812 vivant
1159 2744 1318 2811 memoria
1333 2741 1378 2824 (ὅ),
1391 2761 1450 2808 rem
1460 2755 1493 2801 ar·

331 2857 428 2925 duam
456 2858 636 2946 aggredior,
660 2882 728 2926 non
753 2860 822 2928 sine
848 2860 1117 2950 praesumptione,
1137 2877 1264 2927 tantum
1282 2880 1363 2947 opus
1381 2871 1493 2928 sumens,

331 2995 413 3040 onus
432 2973 551 3041 scilicet
572 2974 692 3042 viribus
713 2975 815 3063 impar
832 2975 928 3056 meis;
947 2997 1060 3042 verum
1079 2996 1182 3064 spero,
1204 2996 1279 3041 cum
1290 2972 1326 3028 (b)
1344 2967 1495 3040 inconditus
1512 2964 1538 3038 3⁰

330 3109 437 3154 sermo
456 3110 547 3156 meus
568 3111 585 3155 a
604 3089 740 3157 lectione
758 3090 889 3172 reiiciet,
907 3091 974 3179 ipsa
999 3088 1143 3156 miranda
1164 3110 1273 3156 rerum
1299 3089 1422 3156 novitas
1441 3099 1495 3173 qua·

330 3200 404 3269 dam
428 3201 637 3271 delectatione
661 3203 830 3294 aliquando
848 3207 964 3293 poterit
986 3226 1160 3294 provocare
1182 3204 1346 3271 lectorem.
1392 3201 1499 3291 dignum

330 3317 436 3406 itaque
454 3337 548 3407 atque
573 3338 683 3409 aptum
703 3320 865 3389 narrandis
889 3322 982 3390 rebus
1000 3321 1189 3411 principium
1205 3342 1372 3409 quaerens,
1391 3301 1506 3408 diuquei

330 3432 501 3515 haesitans,
524 3457 679 3524 suspenso
698 3436 815 3503 mentis
835 3436 969 3519 calamo,
988 3436 1118 3505 tandem
1138 3435 1176 3504 de
1195 3437 1391 3505 serenissimi
1409 3459 1443 3503 ac
1462 3420 1510 3501 111'1·
1567 3435 1569 3441 ’

330 3549 433 3616 rabilis
456 3551 603 3640 principis
627 3554 758 3620 Henrici
784 3552 823 3620 de
847 3554 1044 3642 Lucimburg
1062 3555 1108 3637 (i),
1129 3577 1226 3644 quem
1251 3555 1393 3643 primum
1419 3551 1522 3622 nostri
1539 3532 1563 3602 35

331 3683 431 3732 aetate
449 3667 674 3755 imperatorem
692 3667 841 3750 vidimus,
860 3670 892 3736 in
912 3669 1036 3737 Italiam
1056 3668 1195 3737 adventu
1214 3669 1247 3737 in
1267 3671 1378 3758 primis
1396 3663 1532 3738 tractate

330 3779 433 3866 aptius
451 3780 557 3847 visum
577 3799 633 3859 est,
653 3783 708 3870 qui
724 3805 877 3871 magnam
894 3782 1050 3851 scribendi
1066 3805 1196 3852 causam
1218 3782 1311 3851 nobis
1331 3783 1428 3852 dedit.
1472 3785 1544 3848 ve‘

330 3915 401 3960 rum
413 3895 599 3985 priusquam
611 3897 737 3966 initium
750 3896 875 3966 dicendi
888 3898 922 3954 (Ι)
935 3897 1059 3981 faciam,
1071 3898 1302 3967 Ambrosianae
1314 3898 1401 3967 urbis
1418 3900 1545 3970 situm!

385 4180 413 4234 (a)
429 4178 468 4223 Bb
482 4180 500 4224 si
515 4192 560 4224 non
576 4180 644 4225 modo
658 4181 811 4238 praesentibus
825 4182 863 4227 sed
877 4183 943 4228 etiam
958 4183 1053 4241 posteris
1067 4184 1128 4228 velut
1197 4183 1227 4238 (b)
1246 4182 1285 4226 Bb
1299 4195 1356 4240 quae
1373 4182 1442 4229 nnita
1457 4183 1525 4229 scien·

331 4257 411 4303 riarum
426 4268 492 4317 atque
506 4260 587 4306 artium
603 4260 725 4306 liberalium
739 4262 809 4306 ridetis
823 4272 901 4308 custos
915 4273 948 4310 est
962 4277 989 4309 ac
1002 4276 1077 4310 rerum
1091 4272 1203 4322 gesramm
1218 4262 1348 4308 memorium
1363 4271 1446 4308 serrat.
1475 4275 1525 4308 cum

329 4335 405 4394 itaque
457 4340 487 4393 (c)
502 4340 541 4385 Bb
555 4353 606 4385 cum
620 4340 696 4397 itaque
710 4341 854 4399 antiquorum
868 4344 990 4402 praeclaris
1009 4357 1098 4400 operam
1114 4342 1195 4388 studiis
1209 4355 1263 4386 usus
1282 4342 1360 4387 multis
1374 4354 1453 4387 eorum
1467 4355 1527 4387 ecro-

330 4414 382 4459 tatir
400 4416 498 4474 undique
514 4416 584 4473 libris,
604 4420 695 4475 praevia
709 4420 781 4477 gretia
798 4422 839 4466 Dei
853 4423 975 4480 aliquando
994 4423 1138 4481 profecerim,
1157 4430 1182 4467 ut
1195 4422 1263 4480 digne
1281 4422 1386 4478 redargui
1401 4421 1525 4478 possimne

330 4493 374 4539 dici
388 4494 453 4541 uiieni
467 4511 555 4555 semper
572 4508 684 4546 scrutator
702 4501 777 4558 operis
798 4502 851 4546 nihii
869 4517 983 4561 reponens
1003 4513 1043 4548 eut
1063 4502 1157 4561 posteris
1175 4502 1330 4560 perlationem
1346 4514 1407 4558 quae
1426 4514 1527 4548 occurre·

330 4581 383 4616 runt
396 4586 449 4630 prae
462 4575 535 4621 oculis
547 4577 620 4623 relatu
634 4578 701 4636 digna
715 4579 806 4625 decrevi
883 4583 913 4637 (d)
929 4584 968 4627 Bb
983 4582 1110 4628 describere
1124 4594 1150 4627 ea
1164 4582 1252 4639 quidem
1329 4583 1359 4637 (e)
1375 4581 1411 4626 Bb
1425 4581 1527 4638 auspicor

333 4649 485 4707 (ssBbtesds
546 4656 719 4711 (gbstaimmo
733 4659 844 4704 vivant...
858 4671 906 4704 rem
921 4662 1013 4706 arduam
1077 4662 1330 4719 (manentquem
1390 4660 1470 4717 (i)de
1483 4661 1528 4706 Lu·

331 4729 447 4788 cimborgo
502 4733 532 4791 ij)
548 4734 588 4778 Bb
603 4737 709 4781 arnandi
