3142 5730
394 509 422 565 1.
450 507 510 564 DE
536 504 854 564 CERMENATE.
1173 509 1215 575 49

167 731 266 822 idque
285 730 392 799 solum
411 729 529 798 hortari
539 727 575 784 (⁸)
588 744 773 819 coeperunt,
788 750 829 795 ne
845 726 1008 817 stipendiis
1027 726 1092 796 suis
1108 745 1219 796 contra

166 872 290 938 equum
309 869 420 915 secum
443 845 579 914 militare
602 863 769 935 cogantur.
815 863 846 912 at
863 843 899 900 (l)
917 843 949 913 id
973 841 1060 934 quod
1080 843 1219 934 require-

168 987 185 1032 c
203 965 271 1032 iure
290 963 400 1052 negari
412 985 472 1031 nec
485 960 577 1030 facile
588 960 723 1030 obtineri
735 982 829 1050 posse
843 959 877 1016 (ε)
892 958 1051 1042 sciebant3
1064 983 1141 1028 nam
1160 984 1220 1030 nec

166 1079 251 1149 mdia
260 1078 320 1148 sibi
332 1076 476 1147 conferre
495 1075 633 1159 volebat,
644 1099 704 1144 nec
716 1074 864 1166 populus,
877 1075 1166 1146 contributionibus
1178 1076 1195 1145 f
1209 1115 1221 1130 ·

170 1220 204 1266 ac
217 1219 320 1286 paene
331 1194 516 1275 exhaustus,
535 1216 584 1276 ea,
603 1192 663 1260 nisi
682 1210 860 1282 cogeretur,
873 1190 913 1259 de
928 1195 1095 1262 communi
1113 1193 1221 1277 tribui,

172 1312 366 1381 consentiret
378 1311 424 1378 (¹).
472 1328 612 1378 attamen
631 1307 771 1390 insidias,
787 1325 926 1397 utputo,
942 1331 1008 1376 non
1021 1310 1222 1400 perpendens

168 1429 258 1510 iusta,
284 1427 400 1517 inquit,
423 1425 539 1516 petitis,
561 1445 675 1492 verum
698 1446 753 1514 per
776 1444 984 1492 communem
1016 1443 1158 1494 vestrum
1189 1426 1223 1495 id

166 1566 301 1624 umus»,
314 1561 408 1632 atque
420 1540 506 1608 illico
519 1537 691 1610 Nicolaum
702 1539 854 1607 vicarium
869 1561 964 1607 suum
976 1562 1108 1624 vocans,
1122 1564 1223 1632 nego·

166 1659 200 1727 rd
222 1657 282 1726 sibi
315 1657 499 1725 committit.
540 1656 607 1744 qui,
630 1673 744 1723 vocato
768 1673 890 1738 senatu,
921 1654 1009 1746 quod
1033 1656 1224 1749 consiliumll

166 1797 177 1841 e
198 1772 323 1855 dicitur,
342 1794 422 1856 rem,
442 1790 537 1861 prout
559 1789 636 1852 erat,
664 1793 841 1860 exponens,
861 1771 1084 1840 executionem
1108 1771 1224 1842 habere

166 1915 179 1957 ·.
222 1911 349 1969 vemm,
367 1888 435 1956 sive
449 1905 634 1956 senatorum
654 1888 793 1970 avaritia,
810 1886 924 1977 quibus
940 1910 1037 1978 grave
1055 1887 1088 1958 id
1106 1890 1224 1981 stipen-

166 2005 326 2086 n'debatur,
356 2006 423 2073 sive
453 2026 529 2072 suae
558 2001 705 2072 factionis
731 2003 872 2094 principe
901 2005 1036 2096 quisque
1060 2025 1226 2098 corruptus

166 2122 175 2191 l
195 2120 311 2190 frustra
333 2121 468 2211 petitum
492 2139 550 2188 est.
596 2117 683 2210 quod
711 2120 847 2189 nimium
871 2142 965 2212 aegre
987 2121 1058 2191 tulit
1081 2146 1149 2207 rex,
1171 2123 1228 2194 sed

167 2239 297 2329 aegrius,
315 2237 404 2328 quod
427 2259 445 2302 a
473 2259 567 2304 mane
597 2257 697 2326 usque
724 2234 764 2305 ad
792 2254 940 2306 octavam
958 2237 1034 2306 inde
1053 2238 1178 2308 nullum
1195 2241 1227 2308 in

167 2377 349 2445 responsum
360 2353 410 2445 (in
422 2351 484 2443 eis)
496 2352 532 2408 (ἃ)
551 2351 662 2421 datum
673 2369 730 2420 est.
777 2374 853 2420 nam
868 2353 1034 2438 Nicolaus,
1050 2351 1180 2444 perditis
1194 2357 1228 2424 in

167 2474 247 2562 prius
266 2469 375 2538 multis
394 2468 518 2538 orando
539 2467 654 2552 verbis,
674 2491 715 2537 ne
738 2467 874 2538 domino
892 2494 952 2540 suo
971 2469 1125 2556 illuderet,
1151 2472 1229 2542 dum

167 2589 292 2656 nmunis
327 2587 432 2676 agitur
461 2583 651 2676 abnegando
685 2606 885 2675 responsum,
910 2584 949 2655 de
972 2605 1085 2657 senatu
1121 2587 1230 2659 abiens

169 2705 191 2760 ⁸)
217 2703 305 2773 adiit.
356 2721 519 2772 «mutum
542 2719 701 2783 senatum,
724 2703 838 2792 inquit,
863 2702 1031 2772 sedentem
1055 2706 1089 2774 in
1113 2706 1230 2797 palatio

167 2840 299 2889 tteneo
317 2845 349 2886 n.
405 2815 521 2886 deinde
544 2816 699 2907 exposita,
732 2835 825 2908 prout
861 2837 937 2901 erat,
960 2842 1005 2902 re,
1037 2819 1154 2890 dixisse
1184 2820 1230 2889 f-

167 2935 285 3019 riube,
316 2934 458 3017 domine,
483 2936 626 3025 captivos
653 2955 722 3001 esse
746 2934 801 3024 qui
827 2936 877 3004 sui
912 2935 1063 3027 principis
1094 2939 1230 3008 comites

168 3052 248 3121 lunt.
295 3052 359 3118 iam
384 3050 548 3140 utriusque
568 3048 714 3118 factionis
737 3050 907 3141 principes,
923 3075 991 3121 non
1010 3073 1041 3122 te
1065 3035 1232 3139 auctore,l

167 3169 271 3250 nscio,
292 3164 481 3249 concordes,
498 3165 575 3256 quid
593 3163 738 3234 subditus
754 3162 889 3235 domino
908 3185 1054 3236 teneatur
1074 3171 1232 3253 nesciunt,

167 3306 228 3351 uno
243 3285 277 3350 in
296 3303 369 3351 tuae
384 3282 561 3372 potentiam
576 3280 748 3350 maiestatis
767 3282 924 3350 saeviunt.
972 3284 1098 3352 sensisti
1115 3284 1232 3354 Galeaz

167 3399 336 3468 :ischinum
348 3396 388 3466 ad
400 3396 598 3488 colloquium
610 3398 735 3466 venisse
750 3397 796 3480 (⁸),
812 3421 952 3488 quorum
964 3401 1098 3469 consilia
1110 3402 1232 3471 nescire

167 3539 239 3606 puae
259 3516 356 3605 igitur
379 3514 621 3605 conspirationis
644 3515 735 3604 signa
759 3533 812 3583 aut
838 3536 1029 3605 argumenta
1052 3518 1183 3587 ulterius
1197 3519 1233 3574 θ’)

168 3632 331 3702 dosunt?
375 3629 452 3721 quid
471 3632 613 3720 ingratae
632 3628 718 3698 urbis
737 3654 849 3721 pacem
869 3630 990 3701 damno
1005 3651 1062 3702 tuo
1083 3634 1234 3725 quaeris?

169 3772 196 3832 s,
221 3747 326 3817 stolidi
353 3748 439 3816 cives
465 3766 557 3830 sunt;
578 3769 743 3836 nunquam
762 3746 885 3836 integra
912 3749 1038 3818 civitate
1057 3751 1233 3841 principem

168 3970 249 4003 rorare
303 3955 428 4012 (bllaAa
444 3955 581 4001 mancal'at
635 3955 666 4010 (c)
682 3956 724 4000 Aa
737 3955 833 4001 obtineri
843 3956 945 4004 sciebant
1000 3959 1132 4018 (djlan
1150 3971 1234 4004 manca

168 4044 181 4095 t)
196 4035 280 4083 Bbad
295 4049 371 4094 regern
414 4034 445 4090 li)
461 4035 500 4079 Bb
515 4046 595 4080 verum
642 4036 673 4093 (g)
688 4035 770 4080 Bbad
784 4036 900 4095 colloquia
909 4038 1042 4084 convenisse
1090 4039 1123 4096 (b)
1139 4037 1234 4084 olterlue

169 4119 212 4164 Bt

168 4323 262 4380 nauper
272 4319 299 4362 et
307 4306 427 4362 maiores
436 4305 518 4362 futuri
531 4323 609 4362 scan·
654 4319 729 4376 test,
745 4307 861 4365 alterum
874 4310 961 4383 plebis
974 4319 1168 4383 praegravatae
1181 4307 1235 4363 sol·

168 4393 227 4447 iere
238 4407 358 4447 caussae.
392 4391 466 4446 Nam
476 4391 529 4446 illis
537 4408 607 4465 pene
655 4392 760 4447 «vendi
784 4394 863 4462 aeris,
894 4394 1011 4450 alterum
1038 4392 1176 4466 utriusque
1198 4391 1235 4446 la·

168 4476 271 4533 Caesar
295 4476 408 4550 Papiam
424 4489 607 4549 promoturus,
656 4476 779 4532 «ctionis
794 4478 939 4546 nobilium,
955 4479 1028 4533 hunc
1044 4487 1119 4531 extra
1138 4477 1234 4532 urbem

168 4579 229 4618 sex
244 4561 392 4617 maioribus
407 4577 501 4616 secum
514 4561 553 4616 ire
567 4563 609 4617 de·
656 4561 782 4616 teritum
804 4579 861 4617 non
876 4575 983 4619 tantum
998 4560 1112 4617 militiae
1128 4559 1236 4617 comiti·

168 4646 228 4702 dn.
236 4645 342 4700 circiter
352 4662 506 4713 numerum,
514 4646 610 4719 quibus
657 4661 787 4718 «vaeque
802 4647 913 4719 reginae
928 4647 1069 4713 indicium,
1088 4645 1135 4700 sed
1150 4644 1234 4700 futuri

168 4730 223 4786 lico
241 4730 374 4803 stipendia
394 4730 452 4784 dari
472 4742 610 4795 statuerat,
656 4729 753 4785 «exilii
764 4731 956 4787 meditantium
969 4731 1234 4804 esseprincipium».

168 4833 204 4872 us
220 4814 319 4888 duplex
335 4813 470 4870 desidium
486 4826 609 4870 exortum
656 4816 690 4868 Α.
707 4814 857 4882 Mussaw,
871 4817 939 4871 Hirr.
956 4818 1022 4888 Aug.
1039 4815 1074 4882 ll,
1090 4815 1162 4870 rubr.
1177 4831 1196 4870 1.

171 4940 202 4986 de
217 4939 362 4987 Cama.
1110 4951 1125 4991 4
