3142 5730
339 472 398 538 142
806 470 1053 527 ursrontn

333 691 558 759 &ncinonon
575 691 716 760 multum
728 691 900 797 magnffice
917 693 1061 784 sepultm
1076 711 1155 761 ests
1174 691 1225 760 (¹).
1268 692 1320 759 his
1338 711 1437 781 atque
1454 692 1527 772 aliis,

331 804 448 895 quibus
465 806 679 896 multipliciter
692 806 874 896 pericnlum
884 807 947 875 sibi
967 807 1177 877 nunciabatur
1189 808 1224 876 in
1241 829 1347 890 mora,
1363 806 1450 876 adeo
1460 831 1525 899 per·

333 944 443 991 cussus
461 941 551 991 metu
569 923 718 1005 creditur,
737 942 778 992 ut
795 923 917 1014 absque
938 923 1035 993 ullius
1051 923 1185 993 exulum
1200 922 1434 993 deliberatione
1450 944 1519 1015 pro
1544 916 1565 982 Il

331 1057 464 1127 poneret
487 1060 600 1106 versus
626 1039 758 1128 Papiam
780 1039 841 1108 iter
871 1040 1006 1129 arripere
1034 1062 1167 1109 smumo
1193 1063 1309 1122 mane,
1327 1061 1435 1128 neque
1454 1020 1520 1120 sibi,

331 1176 536 1244 quorumque
556 1155 696 1223 consilio·
716 1154 894 1245 regebatnr,
913 1178 1010 1224 curae
1028 1155 1091 1224 fnit
1108 1155 1256 1224 nunciati
1272 1177 1438 1225 recessum
1454 1153 1517 1235 ills,

332 1271 386 1358 qui
417 1269 550 1340 Rhaude
574 1270 712 1338 iverant.
754 1269 788 1337 id
810 1291 880 1338 non
909 1270 1083 1355 oblivione,
1106 1271 1162 1340 sed
1184 1271 1342 1341 industria
1365 1272 1435 1340 eius
1453 1291 1517 1360 pro·

332 1386 569 1475 vincialumque
599 1387 758 1454 omissum
779 1384 878 1469 fiiisse
900 1385 1050 1470 creditm,
1068 1404 1104 1456 ut
1132 1389 1238 1477 potius
1268 1410 1384 1455 versus
1416 1387 1518 1457 urbem

332 1502 429 1571 totius
452 1504 607 1570 exercitus
630 1504 827 1570 minarentur
859 1524 1023 1571 accessum
1046 1521 1082 1570 et
1100 1501 1243 1572 hostium
1273 1504 1405 1572 animos
1430 1502 1518 1573 adse
1539 1511 1565 1576 ll

332 1636 562 1700 converterent,
582 1619 674 1708 quisi
686 1616 857 1708 Guelphici
874 1617 986 1707 lugam
997 1618 1157 1687 exercitus
1170 1618 1346 1707 aliqualiter
1364 1641 1519 1708 praesum·

333 1733 459 1814 sissent,
471 1751 506 1800 ut
519 1732 663 1822 pluribus
676 1731 758 1800 loeis
769 1731 1094 1822 poterant,fugientes
1113 1733 1226 1801 saltem
1238 1733 1281 1800 ad
1291 1731 1517 1801 radalltiminis

334 1867 551 1938 occupassent
597 1849 703 1938 itaque
720 1847 955 1916 mareschalcus
963 1848 1110 1937 sequenti
1128 1870 1233 1930 mane,
1249 1866 1285 1915 ut
1304 1847 1442 1917 abeundi
1456 1845 1518 1916 ido·

335 1988 430 2032 neam
452 1966 657 2032 occasionem
680 1982 805 2053 caperet
819 1964 866 2046 (²),
883 1965 974 2052 quasi
1001 1963 1173 2052 obimgans
1196 1962 1247 2030 his
1269 1961 1376 2031 verbis
1399 1963 1519 2032 Franci-

334 2081 485 2150 schinum
503 2081 592 2149 dela
610 2080 717 2149 Turre
737 2080 844 2148 subito
857 2079 965 2147 multis
985 2079 1194 2162 audientibus,
1211 2079 1334 2147 etenim
1352 2077 1453 2147 audiri
1467 2100 1518 2146 vo
1540 2088 1563 2152 19

334 2196 427 2280 lebat,
444 2198 628 2287 aggreditur
641 2197 808 2286 inquiens:
830 2222 849 2260 a
862 2196 1043 2278 Prancisce,
1056 2214 1110 2263 tua
1129 2217 1211 2263 vana
1225 2195 1384 2284 promissa
1400 2211 1520 2265 secutio

334 2335 418 2395 sum,
429 2312 543 2401 quibus
555 2336 609 2379 me
620 2312 758 2380 nimium
770 2309 936 2379 credulum
948 2309 1115 2400 prodidisti
1131 2309 1203 2378 nst).
1249 2311 1299 2378 cui
1312 2332 1400 2392 cum,
1416 2336 1436 2376 e
1447 2308 1519 2377 absit

335 2449 391 2494 me
411 2427 575 2494 neminem
594 2425 770 2515 prodidisse
787 2451 804 2490 n
821 2425 855 2481 (ί)
870 2424 1088 2514 responderet,
1110 2425 1343 2493 mareschalcus
1362 2442 1522 2494 ostentans

336 2539 491 2622 cedulam,
523 2564 621 2629 quam
643 2539 704 2607 sibi
727 2538 972 2608 Francischinus
1000 2540 1118 2627 Papiae
1139 2538 1285 2607 dederat:
1305 2564 1322 2602 r
1349 2537 1406 2607 ubi
1428 2560 1519 2620 nunc,

336 2655 453 2742 inquit,
463 2657 619 2743 promissa
634 2656 814 2723 amicorum.
824 2653 965 2722 subsidia
978 2653 1048 2721 heic
1062 2671 1185 2736 notata,
1198 2676 1282 2742 quae
1299 2652 1393 2721 nobis
1408 2632 1521 2723 intran-
1542 2657 1565 2708 2t

336 2768 420 2836 tibus
439 2768 688 2837 Ambrosianum
708 2791 821 2858 agrum
840 2792 1005 2838 occurrere
1023 2767 1225 2839 debuerunt?
1271 2767 1325 2837 ubi
1344 2768 1470 2839 nobiles
1484 2768 1521 2835 de

336 2886 450 2974 Birago
470 2909 544 2953 cnm
559 2885 684 2954 dnobus
699 2887 838 2955 millibus
858 2886 1079 2954 armatorum?
1124 2885 1178 2953 ubi
1195 2886 1242 2953 illi
1264 2885 1304 2953 de
1323 2885 1520 2966 Castilliono,

337 3023 419 3089 quos
441 3001 600 3089 Sepriensi
618 3024 715 3090 pag0,
734 3003 769 3069 in
790 3024 856 3090 quo
874 3025 998 3084 sumus,
1020 3001 1179 3069 dominari
1198 2999 1324 3068 dicitis?
1370 3000 1426 3069 ubi
1450 3023 1521 3068 con·

336 3115 472 3183 fluentes
492 3117 585 3183 amici
603 3117 710 3196 vestri,
729 3138 868 3204 qnorum
882 3115 1085 3184 multitudine
1104 3114 1188 3183 urbis
1204 3115 1213 3205 ll
1229 3115 1363 3182 moenia
1374 3115 1524 3204 superatis

336 3233 458 3300 civibus
487 3232 706 3322 occupentur?
751 3232 805 3300 ubi
825 3252 965 3300 camerae
985 3233 1130 3300 nationes
1149 3231 1296 3298 factionis
1319 3248 1446 3298 vestrae
1469 3230 1526 3297 hac
1550 3241 1565 3288 2

336 3347 448 3415 cedula
470 3348 629 3436 scriptae?
654 3374 670 3412 t
702 3348 747 3414 (ἃ).
794 3367 870 3415 tunc
895 3347 1136 3415 Francischinus
1165 3345 1382 3414 mareschalco
1405 3345 1525 3434 inquit:

342 3463 496 3530 «multos
515 3465 691 3531 amicorum
719 3463 760 3530 ad
786 3486 846 3530 vos
867 3464 1030 3531 venientes
1053 3463 1176 3530 vidistis
1199 3463 1367 3551 pluresque
1390 3462 1528 3550 promis·

336 3578 435 3646 sionis
466 3602 601 3647 nomem
624 3580 765 3662 venient,
787 3579 814 3647 si
837 3577 1018 3668 proceditis,
1042 3597 1077 3647 ut
1106 3579 1245 3667 cupiunt,
1269 3601 1378 3647 versus
1402 3576 1526 3647 urbem.

387 3827 422 3881 (n)
437 3825 497 3869 liar.
512 3834 628 3884 quaterem
680 3827 718 3882 (b)
731 3827 791 3872 Μιπ.
807 3824 922 3881 perdidisti
949 3824 983 3869 La
997 3826 1131 3882 correqiotte
1144 3822 1157 3869 ε’
1171 3824 1227 3869 data
1242 3824 1317 3869 anche
1330 3824 1394 3868 dalle
1411 3824 1529 3869 Varian-

335 3912 376 3951 tes
397 3907 545 3952 lectiones.
599 3909 634 3963 (c)
648 3908 709 3952 Mur.
723 3906 846 3964 perdidisse
870 3907 941 3952 ldcm.
984 3906 1021 3963 (d)
1036 3908 1095 3951 Mur.
1111 3905 1197 3951 civibus
1211 3906 1362 3963 occupentur?
1390 3913 1446 3950 tunc
1461 3906 1529 3951 Fran·

336 3984 448 4030 cisclrinus
479 3980 552 4029 Idem.
1037 3977 1039 3981 ’

372 4201 414 4271 (1)
434 4198 523 4254 Come
539 4199 584 4270 gii
600 4199 735 4253 avvertiva
748 4199 767 4254 il
781 4198 908 4264 Grotnu,
954 4197 1081 4270 gibaldo:
1099 4212 1154 4254 ent
1173 4211 1266 4271 postea
1282 4216 1345 4253 eunt
1364 4198 1528 4254 referentem

337 4302 382 4355 op.
402 4286 446 4339 cit
464 4284 498 4351 X,
516 4299 560 4357 49,
583 4301 640 4338 non
659 4288 715 4356 pud
733 4285 853 4338 mettersi
880 4284 908 4337 in
955 4284 1105 4337 «audivi».
1143 4284 1194 4350 Ne,
1207 4301 1254 4355 per
1268 4283 1424 4338 dissuadere
1439 4284 1458 4337 il
1475 4301 1530 4338 ma·

336 4369 436 4424 dubbio
453 4369 503 4424 che
519 4382 615 4441 questo
633 4369 770 4441 colloquio
785 4382 826 4424 tra
841 4368 908 4423 frate
954 4368 1079 4423 resclallo
1099 4368 1160 4421 dall’
1172 4370 1298 4439 impresa‚
1314 4372 1368 4440 pud
1388 4369 1527 4422 sembrare

338 4454 496 4525 Singibaldo
521 4454 555 4508 da
571 4455 770 4526 Lampugnano
790 4454 836 4507 eil
855 4470 910 4507 rna·
953 4453 1136 4524 inopportuno
1155 4451 1174 4505 il
1192 4452 1309 4517 ricordo,
1333 4451 1384 4504 che
1412 4451 1440 4506 in
1465 4451 1528 4523 quel

337 4537 462 4592 resciallo
486 4537 529 4591 del
555 4555 582 4592 re
611 4539 636 4591 di
665 4537 764 4609 Napoli
784 4537 908 4592 Tomaso
954 4535 1092 4607 colloquio
1110 4534 1207 4589 feceil
1231 4535 1430 4606 Lampugnano
1455 4535 1528 4590 della

338 4635 418 4676 conte
437 4623 464 4677 di
484 4623 621 4694 Squillace
649 4640 704 4677 non
724 4624 802 4676 abbia
827 4635 908 4676 avuto
953 4619 1062 4674 infelice
1075 4633 1147 4674 sorte
1163 4620 1190 4673 di
1205 4619 1331 4673 Ezaelino
1344 4620 1379 4674 da
1389 4619 1528 4685 Romano,

338 4706 437 4776 luogo;
451 4706 470 4759 il
483 4707 516 4761 C.
527 4709 552 4760 ci
563 4709 679 4760 assicura
694 4707 820 4760 d’averne
836 4707 909 4760 udita
954 4705 1058 4759 battnto
1074 4721 1090 4758 a
1109 4703 1233 4759 Cassano
1252 4704 1402 4758 sull’Adda.

338 4789 364 4842 la
379 4789 514 4844 relazione
525 4789 597 4845 dallo
608 4802 693 4845 stesso
708 4790 839 4845 cavallere
852 4790 910 4843 Sin-
