3142 5730
352 506 413 571 144
819 501 1064 558 ursronru

348 723 451 806 multi,
475 723 555 793 dum
577 725 733 793 exercitus
756 725 901 813 Legnani
920 724 1013 805 foret,
1035 724 1075 792 de
1098 725 1206 792 casnis
1236 722 1412 813 praedandi
1449 745 1539 791 causa

348 838 481 908 Rhaude
500 857 729 928 processerant,
742 862 880 928 quorum
899 839 1038 928 plerique
1055 840 1142 906 viam
1160 839 1387 928 praedantium
1410 838 1538 906 exulum

348 953 523 1022 Mediolani
546 972 667 1022 temere
686 977 743 1043 per
764 954 855 1023 villas
878 956 991 1038 secuti,
1009 955 1049 1023 ab
1071 954 1199 1023 offensis
1217 954 1346 1024 rusticis
1370 953 1537 1044 Guelphin‘

347 1072 502 1138 exercitus
525 1069 636 1160 fugam
659 1069 869 1139 sentientibus
893 1071 1060 1140 crudeliter
1079 1073 1160 1138 caesi
1186 1089 1316 1139 suntet
1339 1072 1373 1138 in
1397 1093 1455 1138 eos
1467 1092 1538 1159 pro-

346 1207 416 1277 pter
433 1206 595 1256 recentem
619 1186 776 1257 offensam
799 1213 816 1256 a
840 1187 1028 1271 contadinis,
1042 1211 1098 1277 per
1119 1210 1258 1278 quorum
1275 1187 1473 1255 territorium
1489 1185 1537 1255 fu·

346 1305 470 1393 gientes
493 1303 647 1388 errabant,
662 1305 788 1373 saevius
806 1307 964 1373 saevitum
980 1323 1037 1372 est.
1083 1326 1220 1392 quorum
1240 1325 1333 1371 casus
1348 1302 1406 1371 ubi
1424 1303 1537 1392 Papiae

347 1420 514 1487 nunciatus
537 1437 595 1500 est,
618 1419 702 1488 illico
737 1420 924 1489 miserabilis
947 1419 1120 1487 mulierum
1141 1419 1278 1507 insurgit
1300 1436 1436 1507 questus
1458 1416 1556 1486 filio·

346 1513 417 1602 rum
438 1533 567 1601 caedem
591 1534 795 1623 plorantium.
841 1534 874 1602 id
889 1535 970 1603 adeo
987 1533 1224 1603 multitudinem
1238 1532 1346 1601 subito
1361 1532 1538 1601 stimulavit

347 1649 386 1717 ad
409 1649 582 1729 fremitum,
607 1669 642 1718 ut
665 1651 750 1734 inde,
782 1668 853 1718 orto
885 1651 1025 1719 clamore
1053 1649 1298 1718 vociferantium
1330 1648 1537 1717 mareschalci

346 1785 496 1848 mortem,
509 1768 615 1834 statim
632 1766 809 1856 hospitium
824 1767 1022 1835 tumultuoso
1041 1766 1193 1835 insultant
1208 1767 1348 1855 agmine.
1397 1766 1537 1855 plerique

293 1877 297 1884 ’
344 1882 450 1971 ipsum
473 1905 529 1971 per
551 1882 680 1971 hospitii
703 1882 835 1951 latebras
858 1901 1024 1973 quaerunt,
1050 1884 1105 1971 qui
1127 1903 1259 1950 suorum
1294 1881 1422 1959 caedes,
1440 1883 1536 1970 ipsius

347 1995 441 2063 caede
464 1996 571 2065 ulcisci
595 1998 718 2066 volunt.
766 2000 816 2065 alii
839 1999 1014 2087 hospitium
1037 1998 1172 2088 spoliare
1195 2015 1345 2086 satagunt
1363 1996 1409 2064 (¹).
1455 1995 1535 2064 forte

344 2112 404 2179 iste
427 2112 637 2182 multitudinis
666 2113 754 2181 furor
783 2116 990 2203 oppressisset
1012 2137 1098 2195 eum,
1122 2115 1156 2181 ni
1179 2112 1425 2180 Francischinus
1445 2111 1484 2179 de
1506 2111 1535 2178 la

346 2225 459 2311 Turre,
483 2227 593 2296 audito
616 2229 766 2312 tumultu,
786 2253 821 2297 se
845 2231 973 2320 suisque
991 2229 1124 2297 honoris
1149 2230 1285 2317 dignum
1304 2251 1387 2319 opus
1408 2227 1534 2309 faciens,

345 2364 419 2409 cum
442 2343 509 2410 eius
535 2343 675 2434 familial
691 2344 784 2412 celeri
807 2368 917 2434 gressu
939 2345 1014 2414 illuc
1036 2334 1207 2434 properans
1232 2343 1272 2411 ab
1293 2343 1449 2433 hospitio,
1472 2344 1535 2410 iam

343 2474 452 2524 tamen
474 2458 614 2546 pluribus
637 2460 731 2529 rebus
754 2461 900 2550 spoliato,
924 2461 1082 2530 furentem
1105 2459 1345 2528 multitudinem
1364 2458 1445 2527 alios
1468 2481 1536 2548 pre-

343 2570 441 2653 cibus,
473 2573 563 2655 alios,
586 2574 705 2643 scilicet
729 2575 879 2645 coexules
910 2600 998 2660 suos,
1021 2573 1339 2656 comminationibus,
1358 2573 1535 2662 repulisset

343 2705 426 2756 certe
450 2712 490 2756 ex
509 2709 636 2778 promta
658 2692 796 2759 nimium
815 2694 1015 2781 suspectione
1030 2693 1108 2760 haec
1123 2693 1243 2759 insonti
1265 2690 1450 2780 ignominia
1464 2687 1538 2755 duci

341 2801 427 2870 illata
437 2804 1535 2897 est,etlalsadeipso,sednondiutamencredita,processitinfamia.

408 2918 544 2988 LXVII.
591 2923 638 2989 Eo
658 2925 865 3012 sequentique
884 2946 970 2992 anno
990 2924 1076 3015 quod
1090 2923 1226 3013 dignum
1249 2923 1289 2989 sit
1305 2922 1466 2989 memoria
1481 2942 1537 3009 pa·

342 3056 413 3101 rum
427 3053 534 3102 actum
553 3056 610 3104 est.
646 3038 784 3127 Guelphi
797 3057 917 3122 tamen,
929 3061 1050 3129 magno
1063 3040 1204 3129 equitum
1221 3036 1341 3106 Dalfini
1354 3036 1394 3104 de
1407 3039 1537 3103 Vienna

341 3149 484 3218 subsidio
508 3150 588 3235 freti,
611 3155 665 3242 qui
689 3152 802 3221 eadem
824 3177 886 3242 qua
917 3155 1065 3223 Turriani
1088 3156 1183 3243 stirpe
1206 3173 1313 3222 ortum
1338 3177 1372 3220 se
1402 3151 1538 3234 ferebat,

342 3269 543 3357 congregatis
567 3270 684 3357 Papiae
704 3269 845 3358 undique
868 3293 943 3337 suae
959 3270 1105 3338 factionis
1120 3270 1249 3350 viribus,
1269 3268 1471 3336 Placentiam
1488 3268 1538 3334 in-

341 3379 456 3448 vadere
484 3385 589 3451 conati
612 3384 739 3453 sunt(²).
787 3385 884 3474 ipsius
909 3386 1040 3453 civitatis
1064 3385 1178 3453 Galeaz
1201 3385 1393 3451 Vicecomes
1419 3383 1538 3450 Mattei

341 3492 423 3563 filius
447 3516 549 3565 rector
579 3518 644 3566 erat
653 3501 698 3582 (Ι),
714 3500 843 3567 modico
867 3501 1009 3589 equitum
1029 3523 1066 3566 ac
1084 3499 1228 3588 peditum
1247 3498 1402 3588 praesidio
1423 3499 1538 3566 fretus,

375 3798 418 3870 (1)
438 3798 473 3854 G.
487 3799 726 3874 Filumrranip.
734 3803 795 3872 flor.
811 3817 912 3873 ccciii,
959 3803 1068 3857 centino
1083 3801 1220 3870 Guarino;
1239 3804 1271 3858 cf.
1291 3805 1309 3857 il
1328 3805 1414 3875 luogo
1434 3804 1481 3859 del
1501 3806 1538 3861 C.

341 3897 405 3954 723:
427 3883 486 3937 «Et
504 3901 567 3937 cum
582 3886 698 3940 stetisset
714 3887 912 3958 (senescalcus)
958 3905 1011 3943 con
1033 3902 1129 3961 questo
1153 3903 1223 3944 testo
1243 3891 1308 3962 oggi
1327 3889 1487 3963 pubblicato
1506 3891 1538 3944 in

341 3968 393 4021 ein
410 3968 540 4023 comitatu
554 3969 777 4043 (Mediolanensi)
791 3972 910 4044 pluribus
958 3975 1121 4029 Monumcnla
1142 3975 1196 4029 bist.
1223 3975 1308 4029 Parm.
1329 3984 1352 4030 et
1371 3975 1443 4030 Plac.
1469 3977 1538 4030 Par-

340 4052 469 4120 «diebus,
482 4053 560 4107 rediit
575 4053 688 4125 Papiam
703 4054 843 4111 frustratus
864 4074 910 4128 spe
957 4075 1028 4125 mae,
1047 4060 1121 4132 1859,
1137 4059 1209 4124 VIII,
1228 4076 1276 4130 372
1293 4077 1307 4114 c
1322 4076 1381 4131 sgg.

341 4154 422 4195 «sua.
449 4138 822 4211 Papionsesautemdomum
836 4142 911 4196 istius
992 4143 1035 4215 (ς)
1054 4143 1096 4198 Cf.
1116 4144 1156 4198 Io.
1176 4161 1213 4199 us
1231 4145 1336 4199 Mussrs
1352 4143 1450 4198 Chron.
1474 4146 1536 4200 Pla·

340 4223 533 4276 «senescalchi
552 4224 714 4290 invaserunt,
740 4238 766 4279 et
792 4226 910 4296 expolia-
956 4237 1018 4283 cent.
1032 4228 1105 4293 XVI,
1120 4230 1188 4300 4893
1202 4247 1216 4283 e
1230 4229 1370 4294 Fusium,
1384 4226 1432 4294 Vl,
1450 4244 1535 4283 1121:

342 4318 424 4359 «tum
446 4324 477 4361 ac
500 4307 672 4362 contumeliis
692 4307 818 4363 affectum
839 4311 909 4365 ahie·
957 4329 1099 4384 «cumque
1119 4329 1160 4366 res
1179 4314 1233 4365 iam
1252 4312 1286 4365 ad
1305 4311 1407 4366 bellum
1430 4329 1536 4383 pronas

340 4405 461 4446 «cerunt
471 4414 494 4445 u.
957 4396 1115 4467 «Mapheus
1152 4410 1320 4466 agnosceret,
1356 4396 1460 4450 veritus
1498 4415 1536 4451 ne

374 4475 416 4546 (2)
437 4476 479 4532 cf.
499 4477 528 4531 P.
548 4478 585 4533 M.
604 4478 706 4543 erun,
729 4480 857 4536 Dell’hist.
876 4499 910 4535 ec·
956 4502 969 4531 a
981 4481 1045 4553 quid
1061 4482 1198 4535 sinistrum
1218 4499 1264 4553 per
1282 4481 1421 4551 ignaviam
1442 4484 1536 4550 cedat,

338 4559 470 4615 clcslastica
485 4562 511 4615 di
523 4562 655 4632 Placenqa,
672 4563 813 4629 Piacenza,
836 4563 909 4631 1662,
957 4579 1075 4620 «amoto
1101 4566 1181 4620 Petro
1207 4566 1251 4619 del
1269 4566 1344 4620 Mesa
1360 4566 1535 4633 Veronense,

337 4643 383 4709 111,
402 4645 436 4710 48
456 4663 470 4699 e
489 4663 563 4716 sgg.;
584 4664 598 4700 c
618 4647 769 4712 Poooratr,
792 4665 837 4719 op.
864 4649 909 4705 cit.
957 4651 1138 4704 «carcanum
1164 4651 1376 4722 primogenitum
1397 4651 1536 4705 Placenti-

337 4724 384 4791 VI,
406 4742 450 4780 121
471 4746 485 4782 e
501 4746 559 4799 sgg.
597 4729 619 4783 ll
639 4730 739 4801 Campi
754 4731 812 4786 fece
828 4749 910 4787 cono·
955 4755 969 4784 α
981 4736 1023 4789 nis
1042 4734 1161 4806 praeficit
1171 4755 1195 4790 s.

336 4825 412 4864 scere
431 4829 479 4882 per
498 4813 586 4885 primo
606 4813 632 4872 la
657 4832 773 4874 cronaca
792 4816 834 4871 del
854 4819 908 4888 pia-
