3232 5716
425 439 450 492 1.
478 439 536 493 ns
565 440 877 495 caauuuaru.
1203 429 1244 512 89

58 656 172 726 bantur
193 660 372 747 imposituri
395 682 526 729 aureum
545 661 692 729 diadema
709 665 776 751 regi
791 663 834 730 (¹).
882 665 913 731 hi
936 688 993 753 pro
1012 665 1178 734 rebellibus
1197 668 1244 735 in·

10 786 33 833 ιο
59 772 163 856 clusis,
180 774 268 842 velut
279 776 400 843 miseris
424 777 664 866 compatientes,
678 797 817 847 oratores
832 778 915 847 illico
931 779 1004 848 facti
1016 798 1048 848 et
1063 782 1244 849 tractandae

57 888 143 976 pacis
157 888 166 978 {l
178 906 312 970 actores,
323 889 483 958 modicam
497 892 579 980 regis
590 893 742 960 invenere
757 894 925 982 repulsam.
971 918 1047 962 nam
1059 896 1132 963 licet
1143 896 1245 964 malae

58 1001 133 1069 fidei
157 1003 295 1071 obsessis
317 1028 443 1094 semper
466 1028 575 1074 comes
598 1007 749 1075 invaserit
772 1007 882 1075 urbem
905 1007 1016 1092 fames,
1041 1011 1177 1077 exterius
1200 1030 1246 1078 ta·

58 1142 134 1186 men
172 1119 230 1185 alia
264 1122 352 1208 viget
386 1122 482 1210 pestis
502 1122 551 1202 (²),
585 1123 741 1190 exercitus
778 1125 873 1191 etiam
908 1125 1061 1213 primores
1097 1126 1246 1208 visitans,

58 1253 169 1322 utpote
200 1235 300 1303 letifer
333 1237 474 1305 circuens
499 1237 637 1327 undique
668 1256 766 1305 castra
789 1239 930 1307 morbus.
986 1239 1035 1308 his
1062 1241 1168 1329 itaque
1197 1242 1246 1309 in-

14 1361 30 1427 5
58 1349 283 1418 tercessoribus
307 1352 341 1407 (²)
368 1353 503 1422 donatur
525 1355 590 1421 vita
612 1355 746 1435 miseris,
770 1374 801 1422 et
826 1355 920 1422 salvis
943 1355 1037 1423 rebus
1061 1357 1190 1437 civium,
1213 1358 1247 1424 in

58 1465 190 1533 rebelles
214 1490 322 1535 muros
345 1465 443 1536 fertur
464 1491 581 1556 poena,
604 1490 723 1536 corona
752 1468 836 1537 urbis
869 1469 997 1558 dempta
1015 1470 1059 1537 (³).
1107 1490 1246 1540 attamen

58 1604 114 1648 rex
136 1580 177 1648 ad
200 1581 339 1649 sedanda
373 1584 491 1650 civium
514 1581 587 1649 odia
611 1582 705 1650 etad
736 1583 959 1652 debellandum
982 1586 1120 1674 partium
1144 1586 1248 1654 studia

58 1717 189 1763 summo
212 1719 308 1785 opere
331 1697 414 1764 illico
431 1697 595 1765 laboravit.
641 1697 755 1786 quibus
779 1717 940 1787 utcunque
960 1701 1144 1788 compositis
1163 1701 1247 1770 illico

59 1811 191 1898 Papiam
215 1812 325 1892 tendit,
350 1811 403 1879 ubi
427 1811 509 1879 adeo
534 1811 669 1880 nudatus
693 1812 794 1880 milite
816 1831 956 1900 repertus
980 1832 1044 1896 est3
1067 1832 1102 1881 ut
1121 1816 1247 1883 comitis

10 1935 35 1988 :0
60 1925 257 2015 Philipponis
281 1926 320 1993 de
340 1928 510 2015 Langusco
530 1951 565 1994 ac
589 1950 665 1996 suae
688 1928 833 1995 factionis
856 1929 1036 2017 principum
1062 1928 1246 2018 ambiguam

59 2040 156 2110 fidem
175 2042 319 2110 timuisse
344 2042 497 2110 credatur.
543 2066 618 2110 nam
635 2044 774 2110 Matteus
788 2044 979 2112 Vicecomes
999 2067 1073 2112 cum
1090 2044 1246 2133 equitibus

61 2156 233 2225 Mediolani
263 2174 295 2223 et
314 2180 434 2247 magno
454 2157 687 2226 conductorum
711 2159 856 2247 equitum
880 2178 911 2227 et
925 2159 934 2247 ll
948 2158 1090 2248 peditum
1111 2182 1246 2227 numero

111 2442 139 2494 (a)
156 2439 195 2482 Bb
209 2439 315 2483 invenere
324 2439 444 2497 repulsam,
453 2438 550 2484 scientes
558 2439 619 2497 quod
628 2440 740 2485 obsessam
754 2451 841 2498 semper
854 2453 929 2485 comes
941 2439 1060 2486 invasisset
1074 2443 1152 2487 urbem
1165 2441 1245 2498 fames,

59 2521 153 2566 exterius
165 2529 240 2566 minen
255 2521 315 2565 dicta
328 2520 371 2565 slis
385 2520 474 2576 vigebat
484 2518 551 2577 pestis
565 2519 637 2565 morbi
652 2518 764 2564 exercitus
777 2521 888 2577 primores
901 2520 1003 2567 visitans.
1041 2521 1076 2566 his
1089 2521 1164 2580 itaque
1178 2521 1246 2581 inter-

60 2601 185 2646 censoribus

91 2857 134 2928 (1)
150 2856 247 2910 Anche
258 2856 276 2909 il
286 2855 318 2911 C.
330 2855 475 2910 d’accordo
485 2871 538 2909 con
547 2855 627 2910 Diuo
673 2855 786 2923 ssr0,l
806 2873 829 2909 c.
867 2855 1049 2910 l’istruzione
1069 2858 1203 2912 autentica
1222 2859 1248 2912 al

59 2942 220 3007 Comatam,
243 2941 291 3006 Ill,
312 2957 359 3005 xx,
384 2940 411 2994 ia
435 2940 587 3012 comparire
612 2957 646 3004 a⁴
673 2938 808 2994 cardinale
822 2938 944 2993 arnaldo
963 2939 1069 3011 Fauger
1087 2958 1135 3013 per
1150 2955 1247 3013 questa

59 3026 165 3081 Brescia
176 3038 217 3079 tre
230 3025 274 3079 dei
289 3025 387 3097 cinque
404 3023 533 3079 cardinali
548 3025 628 3095 depu·
672 3021 813 3093 legazione
823 3038 910 3076 venne
922 3021 975 3076 alla
990 3022 1050 3078 luce
1061 3024 1105 3077 nel
1116 3026 1246 3095 Regestum

57 3113 103 3164 tati
122 3111 156 3164 da
175 3126 244 3181 papa
263 3107 447 3163 ClementeV
467 3125 519 3162 con
532 3108 628 3162 lettera
674 3105 805 3161 Clementis
817 3115 900 3178 papae
920 3106 948 3172 V,
968 3125 998 3160 rx
1018 3108 1144 3162 Vaticanis
1163 3110 1246 3163 arclat-

59 3193 100 3248 all’
108 3194 272 3264 imperatore
279 3192 352 3264 degli
362 3192 378 3245 8
387 3191 472 3262 luglio
479 3190 627 3264 (Bousmt,
673 3192 744 3262 lypis,
754 3197 797 3244 alr.
810 3190 925 3254 Romae,
936 3206 968 3242 ex
984 3192 1163 3263 typographia
1175 3192 1248 3245 Vati·

59 3278 78 3341 l,
90 3277 169 3346 exui)
185 3293 201 3330 a
216 3274 431 3348 rappresentarlo
447 3291 495 3346 per
510 3274 536 3328 la
552 3291 628 3329 coro
674 3290 751 3338 cana,
764 3273 839 3343 1887,
854 3289 963 3327 annus
984 3285 1113 3342 sextus,
1127 3293 1151 3347 p.
1165 3291 1217 3342 442
1231 3294 1246 3330 e

58 3361 171 3415 nacione
183 3361 210 3414 di
222 3361 322 3430 Arrigo
332 3361 359 3412 in
370 3359 468 3413 Roma.
500 3356 563 3411 Tali
573 3375 629 3430 pre·
651 3399 658 3413 .
673 3374 731 3427 sgg.

58 3444 103 3499 lati
116 3460 200 3498 erano
213 3443 336 3497 Amaldo
352 3443 629 3514 Fauger,·guascone,
709 3441 752 3513 (2)
781 3442 817 3496 Se
849 3443 997 3512 prestiamo
1026 3441 1089 3496 sede
1118 3444 1152 3496 ad
1176 3445 1245 3498 Anu.

57 3545 174 3583 vescovo
199 3525 334 3581 cardinale
359 3526 387 3579 di
411 3525 521 3591 Sabina,
546 3525 629 3580 eletto
673 3525 821 3592 Mussnro,
840 3526 887 3591 1V,
902 3526 973 3582 rubr.
989 3541 1016 3591 V,
1045 3525 1198 3582 all'assedio
1218 3528 1245 3581 di

58 3611 101 3666 dal
110 3628 180 3684 papa
190 3610 281 3681 legato
295 3609 447 3680 apostolico
457 3626 505 3679 per
514 3609 541 3662 la
551 3609 630 3663 Lom·
675 3608 785 3662 Brescia
804 3608 831 3661 la
849 3607 922 3662 same
937 3625 952 3662 e
971 3607 990 3661 il
1010 3610 1139 3679 contagio
1153 3609 1245 3664 fecero

56 3695 156 3761 bardia,
175 3695 202 3749 la
230 3693 331 3747 Tuscia
359 3692 461 3747 ealtre
491 3693 630 3765 provincie
674 3692 780 3747 vittime
795 3708 843 3764 per
857 3707 891 3762 74
905 3692 1067 3747 condottieri
1083 3710 1098 3747 e
1115 3708 1184 3764 7700
1202 3711 1246 3747 ca·

58 3778 175 3844 d'Italia,
190 3778 336 3832 Leonardo
351 3777 479 3832 Patrasso
495 3778 530 3831 da
546 3777 630 3832 Guer-
674 3775 776 3830 valieri

58 3863 127 3926 cino,
154 3878 274 3916 vescovo
304 3861 440 3915 cardinale
460 3861 488 3915 di
510 3861 628 3927 Albano,
710 3860 751 3929 (3)
762 3860 861 3931 Arrigo
872 3863 950 3914 entrb
960 3860 987 3913 in
998 3859 1139 3914 Bresciail
1154 3861 1185 3915 18
1197 3872 1247 3914 set·

57 3947 173 4003 Niccolb
194 3946 309 4012 d’Ostia,
329 3945 465 3999 cardinale
484 3945 518 3999 da
536 3946 628 4012 Prato,
674 3943 790 4009 tembre;
810 3942 843 3999 cf.
868 3943 997 4010 Bousiris,
1017 3960 1061 4016 op.
1081 3944 1124 3998 cit.
1140 3963 1165 4015 p.
1185 3941 1245 4016 296,

57 4031 130 4086 Luca
155 4029 262 4084 Fieschi
287 4029 414 4082 de'conti
438 4029 466 4082 di
490 4029 628 4100 Lavagna,
673 4027 1187 4098 emantenneipatticomed'accordo
1201 4028 1245 4081 col

58 4129 202 4185 gemaere,
216 4111 352 4166 cardinale
365 4112 483 4167 diacono
493 4112 521 4165 di
534 4112 561 4166 S.
572 4113 629 4166 Ma·
673 4112 706 4167 C.
727 4111 838 4165 afferma
856 4111 936 4165 Druo
952 4110 1117 4176 Cossaaour,
1136 4111 1183 4177 III,
1197 4127 1259 4166 xx.

57 4199 93 4252 ria
108 4199 136 4252 in
151 4197 196 4250 via
210 4197 287 4262 Lata,
300 4195 457 4250 finalmente
476 4196 627 4251 Francesco
672 4195 736 4249 Non
750 4198 807 4249 cosl
822 4195 848 4248 la
863 4195 1013 4248 intendono
1029 4195 1067 4265 gli
1081 4194 1174 4248 storici
1189 4195 1245 4248 bre-

58 4282 158 4337 Orsini.
186 4282 198 4334 Ι
217 4282 270 4334 due
288 4280 369 4352 primi
387 4281 531 4339 sarebbero
542 4281 628 4352 giunti
672 4278 756 4332 seiani
768 4276 1158 4341 NiccolinieOdorici;·mail
1171 4278 1245 4331 Don-

57 4365 334 4438 agiiaccampamenti
344 4364 370 4417 di
381 4364 498 4431 Brescia,
508 4364 629 4418 secondo
674 4363 761 4435 niges,
783 4361 995 4417 commentando
1029 4361 1055 4416 la
1083 4361 1126 4417 cit.
1158 4361 1244 4415 Sen-

57 4449 239 4515 ianuvuzzr,
255 4448 349 4503 Clrrrn.
362 4450 434 4503 Bria.
448 4448 497 4514 IX,
509 4465 553 4514 xv,
567 4464 628 4519 972,
673 4447 787 4500 tentia
824 4458 949 4500 contra
982 4445 1148 4509 Brixiam,
1179 4461 1243 4498 con-

56 4534 105 4603 il7
126 4545 232 4605 agusto,
252 4546 356 4587 mentre
378 4533 397 4586 il
420 4531 556 4586 cardinale
574 4532 628 4586 Dal
663 4527 758 4585 'ferma
781 4531 807 4585 le
829 4530 998 4584 attestationi
1016 4529 1044 4584 di
1065 4529 1138 4583 Dino
1157 4527 1244 4582 Conr-

57 4617 150 4672 Fiesco
163 4634 219 4670 non
232 4616 251 4670 li
262 4616 377 4671 avrebbe
387 4615 523 4687 raggiunti
533 4632 561 4670 se
571 4633 627 4669 non
673 4616 756 4687 pagni
774 4633 789 4670 e
808 4615 852 4669 del
867 4614 900 4669 C.
939 4613 981 4669 Cf.
1000 4615 1159 4678 Dauniam,
1178 4615 1243 4667 Arta

56 4701 74 4755 il
92 4719 102 4771 5
118 4702 272 4756 settembre.
312 4699 354 4754 Cs.
371 4700 458 4754 anche
474 4702 542 4755 Anu.
553 4701 628 4754 Mus·
672 4700 752 4754 chr.
777 4699 834 4765 Vll,
851 4699 884 4765 ll,
902 4714 975 4753 xv111
994 4714 1009 4750 e
1024 4714 1083 4768 sgg.

161 4824 178 4870 1.
192 4825 221 4869 de
234 4824 379 4870 Germanou.
576 4825 578 4828 '
1109 4819 1136 4863 6·
