3142 5730
463 461 490 515 1.
519 461 578 517 nn
606 457 922 518 enumerante,
1245 461 1286 526 79

165 684 289 755 oscisne
304 708 393 754 nunc
414 684 492 776 quid
506 687 620 776 egeris,
638 685 722 753 bone
744 707 812 769 rex,
830 685 1080 773 Supramontem
1103 701 1135 751 et
1152 682 1290 772 reliquos

165 818 195 871 te
209 822 383 871 oonversos
401 820 434 871 et
452 802 592 873 criminis
609 803 811 891 poenitentes
831 800 961 868 carceris
979 822 1085 889 poena
1110 797 1291 866 damnans?

165 932 305 985 econtra
314 933 349 985 te
362 916 500 985 clausisti
513 935 620 1007 portas
634 935 666 984 et
683 916 811 984 armasti
826 917 911 984 cives
928 915 1052 983 Brixiae
1066 913 1112 996 (⁸),
1131 913 1292 1002 peremisti

165 1030 250 1101 itiam
263 1049 363 1100 tuam.
400 1030 556 1122 profecto,
565 1033 751 1121 priusquam
765 1031 896 1121 potiaris
911 1030 999 1113 urbe,
1011 1048 1123 1120 gentes
1137 1052 1219 1118 quae
1235 1027 1291 1096 tibi

165 1144 246 1215 rium
261 1166 336 1215 ante
354 1170 464 1216 muros
482 1149 617 1230 Brixiae,
630 1168 721 1215 more
740 1145 795 1216 diu
812 1147 924 1214 stantis
947 1156 1047 1235 aqua'e
1063 1145 1162 1233 longa
1178 1144 1213 1212 in
1231 1160 1293 1212 sta·

164 1262 413 1353 ne,languebunt
429 1263 557 1333 morbo.
602 1262 666 1331 hoc
680 1262 737 1331 tibi
756 1262 816 1329 soli
834 1262 973 1352 imputes
991 1261 1036 1329 (b).
1082 1283 1187 1350 neque
1205 1259 1293 1328 enim

164 1394 217 1449 rtra
229 1380 433 1449 elementiam
446 1381 530 1451 ullus
537 1402 715 1470 numquam
725 1378 901 1448 audiendus
909 1395 967 1446 est.
997 1377 1091 1447 huius
1102 1397 1210 1446 tamen
1219 1398 1294 1444 oon·

164 1492 347 1562 iauetorem
365 1493 495 1576 nesci03
514 1494 638 1562 utinam
654 1493 744 1561 solus
761 1492 879 1574 liceret,
898 1492 988 1560 cuius
1006 1491 1139 1560 inductu
1154 1512 1294 1580 poenam

164 1602 256 1675 luant
270 1606 472 1689 innocentes,
491 1607 596 1696 etqui
615 1605 709 1676 huius
732 1604 871 1674 adventu
889 1605 1038 1696 principis
1061 1606 1204 1695 requiem
1223 1625 1294 1694 spe·

164 1740 220 1791 tant
237 1740 311 1812 post
326 1721 337 1814 Ι
355 1720 509 1803 laborem,
532 1721 644 1792 solutis
665 1720 954 1812 perturbationibus
977 1737 1010 1790 et
1032 1721 1197 1811 angustiis,
1207 1719 1295 1788 labo·
1350 1759 1371 1792 c.
1388 1747 1453 1813 1⁵04

164 1854 223 1909 lunt
244 1838 362 1909 iterum
391 1837 460 1905 sine
484 1837 593 1926 culpal
640 1855 724 1906 certe
755 1837 866 1904 civitas
898 1836 1080 1920 Brixiensis,
1103 1836 1174 1904 altis
1196 1837 1295 1905 muris

164 1950 261 2043 msqbe
273 1951 400 2034 vallata,
407 1951 507 2042 portis
519 1952 616 2019 etiam
627 1949 737 2032 firmis,
747 1950 904 2040 repagulis
918 1950 1030 2019 clausis
1040 1950 1085 2032 (θ),
1097 1951 1296 2040 inexpugna-

164 2064 263 2152 isest5
285 2065 399 2137 mustra
422 2067 520 2136 etiam
543 2085 708 2157 expectare
726 2086 898 2157 possumus
910 2065 997 2156 quod
1016 2063 1203 2136 Thebaldus
1219 2067 1297 2135 Bru·

164 2200 209 2265 m,
223 2181 385 2272 patefactis
396 2183 509 2273 portis,
525 2182 662 2251 domino
677 2204 737 2249 suo
749 2181 880 2250 humilis
899 2183 1007 2249 veniat
1020 2183 1053 2250 in
1072 2203 1242 2250 occursum
1251 2181 1298 2263 (ll,

163 2320 214 2389 iper
231 2322 271 2369 ex
291 2300 466 2391 dexperato
489 2299 583 2368 exule
605 2296 706 2368 factus
726 2298 814 2367 civis.
859 2299 1003 2388 peccavit
1021 2299 1053 2366 in
1077 2315 1107 2365 te
1127 2296 1297 2366 dominum

163 2434 208 2481 um
217 2413 445 2483 Cremonensis
457 2411 603 2495 Guelfus,
615 2435 676 2480 nec
689 2435 756 2480 non
770 2411 942 2481 Brixiensis
954 2409 1152 2493 Thebaldus,
1165 2428 1298 2501 uterque

163 2524 248 2597 inuis
264 2552 337 2599 reus
361 2545 419 2597 est.
464 2550 580 2596 verum
602 2527 653 2596 ille
671 2526 718 2611 (⁸),
731 2545 838 2617 spreto
858 2527 1004 2617 imperio,
1022 2548 1121 2616 quem
1139 2544 1299 2617 receperat

163 2658 203 2722 ter,
221 2665 239 2711 a
258 2667 336 2735 quo,
355 2642 514 2712 beneficio
532 2645 676 2714 eiusdem
694 2643 778 2732 regis
796 2641 842 2724 (f),
866 2660 1010 2731 receptus
1033 2641 1146 2724 luerat,
1156 2643 1299 2711 vicinum

163 2778 210 2825 um
225 2759 352 2849 expulit.
398 2758 576 2849 sperabitne
591 2759 719 2825 veniam
738 2755 925 2826 Thebaldus
938 2775 1012 2846 post
1030 2775 1155 2826 tantum
1174 2757 1299 2826 scelus?

163 2869 252 2943 dacto
275 2874 445 2966 cognitum
462 2892 495 2942 et
513 2891 680 2964 expertum
698 2872 734 2930 (⁸)
752 2872 840 2963 quod
857 2871 988 2963 perfidia
1005 2873 1120 2941 maiori
1139 2892 1250 2963 peccat
1267 2875 1300 2942 in

163 2987 280 3059 minum
296 2988 351 3057 vel
369 2989 510 3057 amicum
528 2987 645 3069 tardus,
665 2986 716 3076 etl
734 2986 921 3077 plemmque
941 3010 1119 3076 numquam
1137 2987 1250 3056 redibit
1267 2988 1300 3055 in

163 3097 223 3189 lem,
239 3104 320 3177 forte
347 3105 516 3197 desperans
545 3106 601 3196 qui
626 3103 796 3173 offenderit
822 3105 957 3194 gratiam
976 3104 1100 3173 domini
1124 3105 1177 3173 vel
1195 3105 1299 3172 amici.

163 3216 312 3310 utquam
335 3217 462 3289 difficile
485 3236 543 3301 est,
561 3237 845 3308 quantumcunque
868 3217 1009 3287 clemens
1031 3217 1136 3300 fuerit,
1150 3220 1182 3286 in
1202 3218 1301 3286 fidem

162 3325 244 3417 viere,
260 3334 318 3424 qui
337 3331 454 3401 diffidit
471 3350 567 3401 causa
583 3333 648 3400 suil

186 3444 336 3519 xxxvl.
382 3449 493 3539 ltaque
508 3471 581 3519 cum
594 3448 735 3515 maxima
749 3446 952 3516 multitudine
971 3449 1115 3538 equitum
1135 3466 1228 3539 atque
1246 3473 1301 3539 pe·

162 3574 217 3633 mm
237 3568 272 3637 in
293 3566 433 3637 statione
455 3568 544 3634 iuxta
566 3566 705 3635 Brixiam
728 3565 815 3635 stetit
836 3587 854 3632 a
876 3587 989 3635 mense
1012 3566 1116 3655 aprilis
1139 3544 1239 3656 usque
1262 3566 1303 3635 ad

170 3851 200 3911 le)
213 3856 252 3902 Aa
264 3863 288 3902 et
300 3855 393 3902 mmai
407 3854 470 3901 elren
482 3853 573 3902 Brlxlre
586 3867 649 3900 more
662 3851 702 3900 din
715 3852 794 3898 stantia
808 3864 880 3910 aqure
894 3852 955 3909 large
969 3852 992 3896 ln
1006 3852 1103 3899 ardone
1156 3856 1188 3911 (b)
1204 3857 1247 3902 Bb
1260 3856 1303 3901 lroc

165 3935 206 3980 teli
213 3934 317 3993 mutes.
340 3941 401 3981 certe
409 3935 490 3981 ciritae
499 3933 621 3980 Brixlentia
661 3934 692 3989 (c)
703 3934 746 3979 Bb
758 3931 831 3991 portis
840 3931 908 3978 etium
917 3931 994 3986 sumis,
1002 3931 1182 3991 lnexpugnabills
1217 3935 1250 3991 (d)
1262 3936 1305 3981 Bb

162 4004 191 4059 hl
205 4014 297 4060 humilis
310 4014 336 4059 ln
353 4026 482 4069 murrum,
499 4015 539 4073 qni
560 4025 606 4060 nou
627 4013 697 4058 modo
717 4013 889 4064 Cremonenses,
910 4024 991 4058 rernm
1011 4013 1078 4059 etiem
1096 4022 1191 4060 cunmoe
1212 4014 1305 4059 ltnlicor

162 4090 210 4147 ’ᾗ
219 4104 248 4141 ee
259 4092 366 4150 pendae
377 4092 455 4139 studio
467 4091 531 4145 vicit,
544 4099 568 4137 et
581 4104 651 4149 nuper
663 4105 692 4137 ex
705 4090 771 4136 derio
786 4091 853 4136 exule
867 4089 940 4136 laenas
953 4089 1017 4145 eleis,
1030 4091 1100 4149 pnlrls
1119 4090 1158 4149 qul
1168 4091 1208 4138 tibi
1227 4092 1304 4136 urhern

162 4176 228 4231 nat,
241 4173 323 4221 ricinis
336 4175 392 4230 auia,
407 4173 447 4232 qul
461 4185 512 4221 eum
524 4181 653 4233 receperant
667 4181 707 4219 tuo
720 4172 792 4227 iussu,
805 4173 910 4219 rebellem
919 4185 946 4218 ac
959 4173 1033 4219 laesae
1045 4172 1167 4219 maiestrtis
1180 4185 1243 4218 reum
1256 4186 1305 4218 reae

162 4250 174 4289 l·
201 4253 305 4311 poturit
356 4255 388 4310 (el
404 4254 455 4311 Bb,
469 4253 520 4310 Aa,
534 4254 572 4299 Aa
586 4253 636 4307 hie3
650 4253 712 4298 Mar.
728 4252 886 4299 Cremooeon'r
939 4252 970 4309 (l)
986 4254 1030 4301 Bb
1042 4266 1055 4298 a
1068 4265 1122 4311 quo,
1135 4250 1245 4297 beneficio
1258 4260 1304 4306 tuq

162 4334 217 4381 M
276 4332 310 4390 (ι)
325 4332 369 4378 Bb
382 4331 508 4391 sperabime
522 4330 610 4377 reniam
623 4329 739 4376 'rebaldus
751 4338 802 4388 port
815 4338 902 4378 tantum
915 4331 997 4388 eoelus,
1011 4329 1086 4376 audite
1094 4329 1239 4388 Supremonti
1254 4330 1306 4375 dett

162 4409 210 4456 ele
221 4411 310 4473 poene?
337 4410 392 4459 Coei
405 4411 430 4458 si
443 4411 528 4458 utum
541 4410 623 4470 ilcap.
637 4409 720 4457 lael.

161 4636 260 4705 Enrico
274 4647 327 4705 Vll
341 4666 357 4704 e
371 4647 442 4704 delle
457 4648 522 4705 citra
536 4646 688 4714 lombarde,
733 4646 916 4714 confessione,
939 4648 993 4721 egli
1019 4649 1167 4705 «scriveva
1184 4647 1306 4706 secondo

161 4738 175 4778 ²
187 4731 333 4789 dobbiamo
342 4731 529 4799 dimenticare,
539 4732 600 4800 che,
610 4749 627 4787 a
638 4748 688 4787 sua
734 4752 748 4782 r
760 4732 874 4789 udienza
883 4753 907 4786 ».
