3142 5730
400 124 428 177 1.
459 123 510 179 no
536 122 785 179 emmunim.
1182 126 1224 192 37

23 344 206 426 diohoum,
226 367 341 434 regem
359 343 487 427 ducere,
505 344 712 413 aestimantes
734 343 852 434 ubique
875 342 949 411 alibi
967 343 1098 411 insidias
1120 344 1225 432 aptius

27 460 134 563 parari
153 482 259 550 posse.
304 459 422 550 «quod
444 462 470 526 si
493 460 593 548 prius,
615 460 776 548 inquiunt,
798 480 897 548 quam
913 460 1053 528 Mattcus
1068 457 1225 527 Mediola-

31 598 118 653 num
124 598 229 645 seeum
238 576 346 657 intret,
355 573 421 658 liat,
432 597 601 663 nunquam
614 573 789 644 mutabitur
799 573 943 641 conditio
952 575 1048 662 partis
1061 592 1226 641 nostrae».

37 694 248 784 nequeenim
271 692 411 760 multum
434 713 453 756 a
475 711 555 757 vero
576 691 681 758 aliena
698 710 765 757 erat
787 713 901 758 eorum
925 690 1048 778 opinio.
1094 712 1170 756 nam
1194 691 1226 758 in

41 806 228 890 Mediolano,
243 807 414 896 plusquam
433 804 519 887 alibi,
533 804 691 873 nobilium
707 828 779 894 pars
794 828 876 896 qnae
893 828 978 872 nunc
995 803 1154 873 Gibellina
1170 826 1227 871 vo-

46 922 109 995 eari
128 923 234 1011 coepit,
257 922 364 1005 altera,
387 944 471 1011 quae
494 922 654 989 Turriana
680 941 738 1003 est,
763 922 902 989 multum
930 921 1049 990 viribus
1073 923 1228 1011 omnique

48 1038 185 1131 potentia,
199 1036 278 1105 dum
293 1036 391 1104 ambo
405 1038 549 1126 integrae
563 1037 653 1105 domi
665 1038 739 1121 sint,
754 1039 898 1126 superior
906 1060 1033 1126 semper
1046 1036 1115 1105 fuit.
1157 1056 1228 1104 tum

10 1150 165 1243 'praelati
193 1151 292 1221 duces
314 1151 434 1234 Guelfi,
457 1151 534 1220 licet
555 1175 613 1220 tex
635 1153 691 1234 eis,
713 1174 797 1240 quae
820 1153 854 1220 in
878 1152 1019 1219 consiliis
1042 1150 1228 1233 suadebant,

55 1268 192 1338 viduetur
213 1291 325 1337 aurem
344 1267 432 1350 dare,
449 1266 539 1358 quod
557 1267 672 1338 smstra
690 1291 758 1337 non
777 1268 909 1336 modico
927 1269 1035 1337 studio
1054 1291 1091 1336 ac
1110 1268 1228 1335 sollici·

59 1384 151 1453 urdine
164 1408 280 1475 magna
298 1385 338 1453 ab
356 1386 402 1452 eis
421 1403 580 1454 tentatum
603 1404 662 1467 est,
678 1403 791 1474 utpote
805 1386 815 1475 l
831 1408 954 1475 regem,
971 1387 1157 1475 priusquam
1177 1407 1229 1473 ap·

61 1498 138 1587 plicet
146 1500 363 1569 Mediolanum
369 1500 404 1554 (⁸)
415 1501 548 1589 Papiam
563 1499 690 1581 ducere,
703 1500 818 1588 exequi
833 1501 968 1567 minime
977 1499 1116 1567 valuere.
1151 1520 1228 1565 nam

64 1612 175 1683 blatteus
194 1615 336 1697 sedulus,
354 1616 409 1704 qui
441 1636 555 1684 cuncta
573 1617 707 1683 rimatur
728 1636 761 1683 et
783 1616 890 1698 sentit,
914 1614 1095 1698 confestim,
1115 1636 1228 1683 eorum

10 1740 47 1807 30
66 1731 168 1818 cognita
186 1733 377 1813 intentione,
395 1749 429 1800 et
452 1731 543 1799 dictis
562 1736 691 1814 corum,
710 1755 791 1821 quae
811 1730 1021 1800 audiebantur
1038 1733 1072 1798 in
1092 1730 1228 1798 consilio

66 1846 137 1933 regix,
152 1866 337 1938 argumenta
360 1866 572 1936 component,
597 1847 704 1916 subdit
737 1846 873 1914 fideliter
894 1848 929 1915 in
953 1869 1064 1914 aurem
1086 1846 1170 1935 regis
1194 1864 1229 1914 ut

67 1958 132 2026 nollr
145 1962 350 2030 Germanicae
373 1981 428 2030 aut
446 1962 575 2031 alterius
592 1962 744 2029 tardantis
767 1963 872 2051 gentis
895 1984 986 2029 mora
1009 1979 1176 2051 propterea
1195 1961 1227 2028 in

68 2080 253 2163 expectatione
272 2099 430 2161 moretur3
449 2102 510 2146 nec
529 2078 572 2146 ob
594 2078 627 2146 id
646 2080 781 2146 retineat
795 2079 855 2147 iter
873 2101 978 2162 suum,
998 2079 1076 2168 quin
1096 2101 1230 2168 propere

68 2187 150 2260 urben
165 2192 293 2263 accedat
304 2192 359 2262 ubi
375 2194 523 2262 Italicum
547 2193 694 2261 diadema
717 2214 901 2283 sumpturus
917 2211 982 2261 est:
1012 2192 1157 2282 «ibique,
1179 2193 1229 2260 in·

10 2300 49 2381 ²35
67 2306 125 2389 quit,
140 2332 155 2375 a
170 2311 240 2378 solo
254 2309 418 2379 Gibellino
437 2329 570 2400 expecta
593 2311 675 2378 vires
699 2329 769 2378 tuas
782 2336 813 2377 u.
860 2329 1000 2378 attamen
1019 2310 1157 2379 multum
1177 2332 1229 2378 so·

67 2413 143 2489 licius
160 2448 213 2492 rex
237 2425 341 2493 multa
363 2424 403 2493 de
423 2424 609 2493 conditione
632 2424 718 2492 urbis
736 2448 797 2492 nec
816 2447 883 2493 non
904 2426 1024 2493 civium
1047 2424 1160 2492 studiis
1179 2425 1228 2490 in·

65 2534 158 2618 quitere
179 2540 294 2628 coepit.
332 2557 409 2606 tunc
432 2541 573 2608 Matteus
597 2560 712 2606 omnes
731 2538 889 2606 nobilium
908 2540 1031 2626 stirpes,
1055 2560 1090 2604 ac
1112 2535 1228 2604 claram

64 2652 234 2737 popularium
252 2654 505 2737 multitudinem,
530 2654 673 2724 Gnidoni
691 2655 863 2744 paucisque
881 2654 1068 2744 sequacibus
1092 2655 1171 2735 eius,
1194 2674 1228 2719 se

65 2765 139 2836 modo
158 2772 189 2838 in
209 2770 288 2839 urbe
309 2770 319 2861 Ι
342 2770 482 2852 videant,
505 2770 628 2838 nedum
652 2770 761 2838 audito
780 2771 904 2860 imperii
928 2772 1072 2852 nomine,
1095 2771 1228 2838 infestos

10 2886 48 2957 Ι40
65 2896 89 2944 et
107 2884 224 2955 rebelles
245 2885 316 2953 fieri
346 2885 431 2954 dicit.
493 2887 660 2975 «hocque,
688 2888 801 2975 inquit,
826 2904 862 2954 ut
885 2908 992 2955 assero
1017 2910 1090 2955 cum
1114 2886 1226 2989 ter·

65 2991 114 3061 fitis
127 3001 396 3069 Mediolanensem
413 3023 527 3091 agrum
546 3000 694 3069 videbitis
713 3002 922 3070 manifeste».

112 3115 222 3208 Itaque,
240 3116 360 3186 vadato
378 3117 480 3200 Pado,
494 3118 604 3207 paucis
623 3116 734 3186 diebus
746 3118 781 3173 (¹)
791 3119 970 3189 Novariam
990 3119 1087 3187 venit.
1122 3119 1230 3209 ibique

64 3221 191 3316 ligurum
212 3234 249 3289 (Β)
275 3233 443 3322 praecipue
471 3230 704 3300 Ambrosianae
733 3234 839 3322 gentis
864 3234 1032 3322 explorans
1062 3255 1169 3300 mores
1193 3257 1230 3302 tc

63 3348 142 3419 mdia
150 3355 363 3435 voluntatum,
374 3352 517 3442 pluribus
529 3353 641 3422 diebus
656 3376 782 3421 moram
792 3353 866 3421 fecit
873 3354 917 3421 (ί).
964 3353 1079 3423 deinde
1098 3354 1229 3422 traiecto

10 3470 42 3534 ⁴5
64 3456 166 3550 Titine,
192 3469 302 3537 multis
327 3468 428 3550 radis,
452 3470 498 3537 sic
521 3470 641 3537 etenim
661 3469 801 3556 hyemali
819 3468 937 3559 frigore
957 3473 1125 3540 contractis
1141 3472 1230 3560 aquis

64 3593 153 3648 concta
168 3582 304 3652 flumina
317 3585 404 3651 vium
423 3583 541 3652 dabant
557 3585 624 3673 regi
633 3584 680 3668 (²),
696 3585 851 3652 continuo
866 3584 948 3652 lueto
962 3586 1054 3676 signa
1073 3585 1230 3653 nobilium

103 3799 306 3858 (elaborantem
359 3808 393 3863 (b)
407 3807 452 3853 Bb
465 3805 589 3852 Novariam
603 3805 671 3863 venit,
684 3806 796 3865 Ligurum
850 3808 935 3865 (elisi
948 3821 1034 3854 moram
1048 3809 1116 3854 traxit

91 3985 561 4068 (illapartenzade11¹imperatore
576 3995 609 4049 da
655 3996 758 4052 litate
783 3997 960 4052 hominum
979 3997 1019 4052 de
1037 3997 1230 4068 Vercellis,

64 4064 178 4134 Asdebbe
191 4080 278 4152 luogo
296 4080 317 4134 il
335 4097 366 4135 12
381 4081 528 4135 dicembre.
567 4078 609 4136 Cf.
656 4081 705 4136 De
729 4081 934 4137 marchione
960 4081 1230 4154 Malespinae3c

66 4148 92 4205 G·
105 4153 242 4232 vomu,
265 4165 359 4219 coron.
382 4164 610 4237 Ast.c1x,231.
656 4165 786 4232 uorum,
799 4167 897 4238 Regula
921 4166 1037 4239 irnpati,
1065 4166 1121 4221 vot.
1140 4167 1185 4223 en
1214 4186 1230 4223 a

65 4232 197 4303 bllerceili
210 4247 238 4303 la
252 4248 383 4303 comitiva
397 4248 524 4303 fermossi
537 4262 612 4321 quat·
656 4267 682 4321 p.
698 4250 758 4321 285.

65 4326 193 4400 tmcitimi,
204 4332 374 4406 dal15a119
384 4332 529 4389 dicembre.
568 4332 611 4390 ef.
693 4334 736 4403 (2)
752 4334 882 4389 «Padum
898 4351 962 4391 cum
982 4336 1108 4391 somariis
1126 4350 1156 4392 ct
1173 4355 1230 4394 cur-

65 4396 315 4487 Dememactast,
326 4434 355 4489 13
370 4434 385 4473 e
401 4418 508 4485 14:De
525 4418 613 4474 side·
658 4438 673 4469 r
684 4417 757 4473 ribus
767 4419 1163 4495 sinenavigiotransivitquod
1174 4439 1232 4477 om·
