3142 5730
175 492 234 541 122
646 488 896 545 HISTORIA

1374 427 1377 506 i

1374 535 1377 568 ι

1374 587 1377 632 l

875 659 880 664 -
1373 644 1377 678 l

170 710 351 779 detectione
368 732 501 779 auarum
517 709 646 778 urbium
665 709 807 776 doleant
852 730 971 777 verum
984 728 1174 798 propensum
1191 708 1273 775 istum
1284 731 1326 776 nm
1371 683 1377 760 l

170 830 282 917 magni
311 827 479 897 common·
501 828 599 895 nasse
622 825 765 909 narem,
784 847 862 894 nam
884 826 1026 915 quaque
1049 826 1148 893 etiam
1170 823 1326 893 mausil-
1373 808 1377 927 l

171 941 281 1010 latior
303 943 537 1032 proscnptione
562 960 611 1009 eat
629 941 744 1023 factus,
762 943 869 1009 immo
885 942 986 1008 etiam
1006 940 1107 1008 aliam
1126 941 1272 1030 antiquam
1288 941 1327 1007 in·
1373 971 1377 1036 p

171 1060 251 1148 perii
269 1058 394 1126 cladem
416 1059 601 1126 suscitatam
624 1079 696 1125 esee
717 1056 865 1125 creditur.
1375 1040 1377 1044 ¹

239 1169 310 1236 Lx
355 1169 444 1239 Nam
466 1190 522 1235 rex
546 1168 706 1237 Robertua
728 1192 817 1237 nunc
835 1168 1077 1236 condemnatus
1099 1186 1135 1236 et
1148 1167 1260 1256 publice
1274 1190 1328 1234 nun

172 1285 271 1351 datus
286 1283 399 1364 hostis,
422 1281 537 1371 gallica
554 1283 643 1370 regia
656 1299 758 1363 ortus,
777 1281 929 1371 Philippo
941 1282 1146 1351 Francorum
1159 1280 1225 1371 regi
1237 1281 1329 1349 natium

171 1402 368 1489 propinquus
381 1418 469 1482 erat3
486 1399 657 1468 amborum
676 1421 796 1488 nempe
813 1419 955 1488 proavus
970 1398 1060 1466 idem
1079 1399 1151 1482 fuit,
1172 1398 1210 1467 de
1227 1419 1280 1488 quo
1291 1420 1332 1465 una

172 1534 274 1581 mater
294 1514 377 1581 duos
399 1512 551 1602 produxit
581 1533 685 1597 natos,
718 1513 860 1582 multum
893 1532 1004 1583 tamon
1036 1533 1152 1584 natura
1173 1532 1205 1583 et
1229 1513 1333 1582 moribus

171 1629 288 1710 varios,
304 1627 462 1695 humilem
480 1629 602 1696 scilicet
615 1651 652 1696 ac
666 1629 862 1697 catholicum
881 1629 1091 1698 ludovicum
1106 1629 1178 1698 sola
1190 1629 1335 1698 innocentia
1352 1650 1360 1715 5

172 1744 205 1808 in
225 1762 326 1830 regno
344 1760 461 1822 tutum,
483 1764 543 1809 nec
555 1764 623 1809 non
634 1742 799 1811 'Carolnm
814 1741 1000 1831 superbum,
1016 1746 1074 1832 qui
1094 1742 1252 1812 ferocitate
1265 1743 1337 1810 animi

171 1856 310 1944 reliquos
328 1857 480 1924 mortales
503 1859 590 1925 vicit.
637 1876 779 1925 attamen
803 1860 982 1926 reverentia
1001 1860 1117 1928 aetatis
1141 1859 1281 1949 gallicum
1293 1858 1337 1926 da·

171 1970 266 2038 dema
289 1989 321 2038 et
343 1993 459 2039 omnes
482 1975 598 2060 patrias
622 1973 794 2062 dignitates
817 1973 941 2042 dimisit
963 1975 1063 2057 fratri,
1093 1998 1156 2043 nec
1177 1975 1256 2058 inde,
1276 1974 1340 2042 velut

171 2114 215 2156 vu
228 2110 271 2156 σο
301 2087 448 2168 creditur,
471 2089 696 2177 quaestionem
725 2090 839 2156 movit
887 2091 937 2156 his
956 2090 1131 2161 Ludovico
1150 2112 1182 2160 et
1204 2089 1340 2162 Carololl

172 2221 348 2293 nupsenmt
371 2204 453 2271 duae
472 2205 681 2273 Prouincialis
715 2207 844 2274 comitis
869 2206 965 2288 filiae,
988 2207 1109 2296 quibus
1136 2227 1293 2298 paternum
1308 2207 1341 2274 ius
1362 2225 1377 2270 u

172 2321 360 2386 Provinciae
380 2318 505 2387 defectu
528 2320 626 2386 virilis
650 2321 749 2409 prolis
769 2325 878 2405 cessit3
898 2345 1040 2413 cumque
1064 2325 1180 2392 ambae
1196 2325 1245 2395 die
1258 2325 1343 2413 magni

173 2436 243 2503 sesti
262 2435 414 2502 sublimes
434 2457 497 2502 una
515 2435 665 2504 sederent
682 2436 769 2518 sede,
788 2460 871 2527 quae
894 2462 977 2506 uxor
999 2442 1086 2528 regis
1111 2459 1179 2508 erat
1201 2442 1291 2509 sorori
1309 2440 1342 2507 in·

172 2552 254 2640 quit:
275 2568 353 2631 «tu,
376 2571 451 2616 cum
475 2573 542 2617 non
565 2552 677 2640 regina
699 2554 753 2635 sis,
774 2576 830 2620 cur
852 2576 953 2640 aequa
972 2554 1050 2622 sede
1074 2579 1208 2625 mecum
1224 2555 1340 2624 sedet»

172 2667 262 2755 pulsa
284 2667 381 2753 igitur
403 2683 435 2731 et
462 2665 595 2734 confina
617 2668 781 2756 questibus
805 2687 900 2758 atque
925 2671 972 2737 ira
1001 2672 1119 2762 implet
1136 2674 1251 2756 virum,
1270 2693 1363 2764 quem¹

172 2780 372 2870 respondisse
395 2779 517 2849 ferunt:
552 2805 655 2850 «nec
685 2805 745 2850 nos
768 2806 896 2873 semper
924 2786 1091 2854 immunes
1121 2792 1212 2879 regni
1239 2788 1377 2866 erimus,1¹

173 2899 262 2966 cuius
280 2896 391 2984 regina
409 2914 441 2962 et
455 2913 489 2962 tu
506 2918 662 2964 coronam
681 2897 763 2967 seres
779 2926 810 2966 a.
857 2922 895 2967 ea
910 2923 961 2969 res
981 2925 1050 2970 non
1069 2905 1173 2973 modo
1196 2927 1265 2972 eum
1277 2903 1342 2970 diem

173 3013 300 3093 festum,
324 3034 436 3077 verum
460 3030 562 3077 totam
586 3012 724 3079 turbavit
757 3014 931 3103 Europam,
956 3040 1034 3085 nam
1064 3041 1133 3088 non
1157 3020 1284 3109 longum
1307 3019 1341 3083 in·

173 3151 257 3199 terea
276 3148 403 3218 tempus
422 3127 492 3209 fuit,
512 3128 646 3211 Carolus
665 3131 737 3211 iste,
756 3132 907 3200 Romano
927 3133 1093 3221 pontifice,
1111 3137 1201 3204 velut
1218 3132 1340 3226 quodsui

174 3250 249 3317 iuris
260 3267 336 3327 erat,
354 3244 549 3327 conferente,
562 3245 688 3313 Gallico
708 3246 808 3313 milite
825 3267 977 3329 armatuS,
987 3268 1070 3318 terra
1087 3255 1232 3342 marique
1245 3249 1340 3340 Apulos

176 3367 289 3433 invasit
311 3362 403 3443 fines,
427 3381 458 3429 et
481 3361 605 3429 domito
627 3384 661 3428 ac
685 3380 786 3429 marte
811 3384 979 3453 perempto
1002 3390 1079 3455 rege
1105 3368 1269 3437 Manfredo
1286 3365 1339 3432 Pre-
1360 3373 1377 3419 2¹

175 3482 271 3549 derici
301 3479 497 3568 imperatoris
527 3476 606 3557 filio,
640 3500 738 3565 quem
774 3476 940 3547 damnarat
971 3482 1125 3564 Ecclesia,
1155 3484 1292 3573 Apuliam
1317 3495 1340 3542 et

175 3599 314 3666 Siciliam
348 3596 525 3684 occupavit,
550 3592 663 3660 deinde
699 3592 972 3662 adolescentulum
997 3621 1110 3687 regem
1135 3598 1340 3670 Conradinum,

175 3712 351 3782 secundum
374 3712 471 3801 ipsius
504 3709 661 3777 Frederici
681 3729 845 3798 nepotem,
873 3713 949 3779 aviti
970 3715 1062 3802 regni
1086 3717 1155 3782 iura
1186 3729 1339 3803 recuperare

176 3831 349 3910 volentem,
369 3848 469 3895 marte
489 3824 658 3895 confusum
678 3845 709 3892 et
729 3827 759 3892 in
780 3824 857 3915 fuga
876 3828 984 3895 multis
1004 3829 1117 3899 diebus
1136 3852 1211 3920 post
1224 3843 1339 3920 pugnam

178 3967 315 4036 captum,
328 3943 444 4011 occidit
460 3943 555 4010 feroci
568 3941 723 4009 sententia
739 3942 1002 4010 condemnatum.
1040 3969 1153 4014 verum
1168 3948 1219 4014 hic
1234 3938 1341 4013 Carolus
1361 3942 1373 3987 ²

177 4087 236 4132 suo
266 4081 420 4151 tempore,
439 4083 561 4148 suoque
592 4081 629 4124 ac
655 4080 788 4126 suorum
813 4059 951 4128 militum
972 4061 1118 4146 crimine,
1136 4064 1248 4153 quibus
1265 4052 1342 4127 nimia

177 4181 304 4248 licentia
323 4178 394 4247 data
424 4201 536 4266 parum
567 4175 666 4243 fuerat
689 4174 925 4264 regnicolarum
944 4176 1070 4245 divitias
1094 4180 1244 4248 omnibus
1261 4165 1342 4244 modis

178 4320 296 4386 rapere,
311 4297 388 4385 quin
402 4295 514 4375 imm0,
531 4294 540 4383 l
556 4315 595 4358 eo
615 4310 767 4380 regnante
781 4292 814 4359 in
826 4292 943 4376 Sicilia,
954 4293 1105 4382 pudicitia
1122 4296 1283 4364 mulierum
1298 4282 1343 4351 mi·

179 4412 265 4479 nime
285 4429 350 4478 tuta
364 4407 433 4489 fuit,
452 4409 521 4496 ipso
545 4428 644 4494 regno
666 4405 789 4473 Siciliae
805 4427 840 4473 ac
857 4406 1160 4492 cunctis-militibus,
1181 4433 1258 4501 quos
1275 4416 1345 4494 prae·

126 4829 127 4832 =
233 4812 267 4865 (n)
283 4809 383 4853 Framm.
399 4809 418 4850 B
431 4806 513 4849 Kurolo
