3142 5730
366 495 393 549 1.
423 494 481 551 ue
507 493 827 551 cenueunrs.
1087 449 1089 454 ¹
1151 499 1187 565 13

167 741 192 800 a,
203 736 237 785 et
247 740 329 807 quae
339 736 502 807 gesserant
513 717 547 785 in
562 716 797 807 magistratibus
810 735 999 785 ornamenta
1010 715 1191 799 sumebant,

167 851 256 901 antes
270 833 413 901 hostium
428 830 614 914 adventum,
634 832 794 901 obstinato
812 831 852 899 ad
866 850 1005 901 mortem
1021 832 1141 915 animo,
1157 833 1191 900 in

167 927 275 1016 rtunae
296 947 521 1038 bonorumque
541 971 577 1016 ac
600 947 724 1015 virtutis
747 946 926 1038 insignibus
948 947 1050 1017 vitam
1068 944 1189 1030 darent,

167 1065 239 1145 stiti,
255 1065 289 1131 in
308 1062 418 1130 medio
437 1061 566 1132 aedium
584 1063 732 1131 eburneis
751 1064 834 1131 sellis
853 1062 963 1132 sedere
972 1062 1016 1132 (¹).
1063 1065 1190 1132 interim

167 1202 196 1247 rs
216 1197 326 1247 tamen
344 1180 449 1246 missis
469 1178 721 1268 exploratoribus
741 1179 823 1246 cirea
841 1180 972 1247 moenia
990 1202 1027 1247 ac
1049 1179 1190 1268 singulas

167 1296 215 1377 tis,
225 1317 384 1383 quaenam
395 1292 540 1362 hostibus
551 1294 585 1362 in
597 1291 719 1383 perdita
730 1316 763 1360 re
776 1292 911 1362 consilia
922 1311 1039 1376 essent,
1051 1293 1190 1384 ipsisque

167 1432 214 1478 >us
233 1410 313 1478 nihil
332 1429 456 1499 praeter
467 1410 610 1499 ploratus
621 1411 654 1477 in
667 1408 744 1478 urbe
756 1409 892 1493 audisse,
905 1409 1052 1480 noudum
1067 1411 1101 1478 in
1112 1410 1190 1478 urbe

167 1527 330 1594 neminem
351 1544 475 1615 praeter
497 1548 565 1608 eos,
587 1524 643 1614 qui
666 1526 807 1596 Romam
826 1549 866 1593 er
885 1529 953 1595 acie
971 1525 1189 1617 prohtgerant,

167 1642 389 1732 ¹comploratis
409 1641 579 1733 omnibus}
590 1643 671 1711 vivis
682 1643 798 1731 pariter
811 1644 1010 1733 mortuisque
1029 1661 1098 1711 tota
1115 1642 1189 1711 urbs

167 1786 172 1825 t
184 1759 333 1827 lamentis
345 1758 391 1840 (¹),
408 1777 481 1826 ante
494 1775 601 1847 portas
616 1780 683 1826 non
697 1757 828 1840 clausas,
842 1780 909 1827 non
921 1778 1116 1828 armatorum
1126 1778 1189 1827 sta·

167 1877 243 1943 ritas
259 1875 425 1955 haesitant,
439 1891 471 1941 et
483 1873 522 1941 de
537 1874 668 1942 introitu
681 1871 912 1941 deliberante).
959 1872 1100 1958 tandem,
1113 1898 1188 1943 cum

167 2013 339 2059 roccasum
351 1989 444 2071 foret,
455 2006 586 2057 noctem
598 1990 760 2080 timentes,
772 1990 1081 2080 appropinquantem
1093 2013 1188 2080 expe·

167 2130 216 2174 m.
262 2104 429 2174 introitum
452 2123 561 2172 tamen
577 2102 796 2193 postmodum,
817 2105 908 2173 omni
931 2103 1078 2195 deposito
1101 2128 1187 2173 vano

167 2222 269 2310 >plus
288 2221 413 2310 pavoris
432 2217 586 2288 inferrent
603 2218 748 2289 hostibus
763 2243 863 2310 usque
882 2218 922 2287 ad
941 2237 1072 2292 noctem
1091 2218 1188 2289 distu-

167 2361 188 2405 ,ε
201 2335 335 2405 demum
347 2334 460 2404 urbem
471 2336 638 2417 intrarunt,
650 2353 827 2425 totamque,
840 2353 963 2424 praeter
978 2335 1185 2425 Capitolium,

167 2471 241 2535 unt,
261 2453 427 2541 ipsamque
446 2473 554 2518 arcem
569 2449 762 2532 obsidentes,
775 2449 888 2520 frustra
898 2470 1008 2520 tamen
1020 2473 1186 2543 oppugna·

167 2587 231 2650 ata,
250 2591 331 2658 quae
350 2565 571 2657 postmodum,
589 2562 754 2654 prudentis
778 2583 810 2632 et
828 2567 950 2655 egregii
970 2566 1111 2650 Camilli,
1129 2568 1186 2657 qui

167 2686 203 2752 ‚ia
216 2684 335 2752 civium
345 2682 532 2771 quindecim
544 2678 683 2748 millibus
698 2682 804 2770 gravis
824 2682 903 2750 aeris
915 2680 1095 2765 damnatus,
1107 2707 1185 2752 exu-

167 2799 250 2883 rrbe,
270 2800 398 2880 virtute,
418 2794 558 2864 confusis
577 2794 722 2864 Barbaris
741 2795 871 2865 liberata
891 2797 984 2889 (est),
1003 2818 1035 2869 et
1053 2801 1184 2889 ingratis

167 2913 256 2983 ddita
274 2933 323 2982 est
341 2914 387 2981 (ι’).
434 2932 511 2981 tunc
530 2935 604 2981 cum
627 2912 693 2980 iam
715 2913 749 2980 in
774 2913 935 3002 Capitolio
954 2915 1086 2997 obsessi,
1102 2914 1184 2984 adeo

167 3029 238 3099 lecti
258 3029 301 3112 (⁶),
323 3053 358 3096 ac
380 3028 571 3096 stationibus
590 3046 623 3095 et
640 3027 758 3117 vigiliis
776 3030 914 3117 superati
933 3047 968 3097 ut
987 3028 1157 3099 obruerent
1174 3030 1184 3122 l

176 3167 290 3235 corpus
307 3167 404 3225 arma,
420 3166 455 3211 se
465 3166 541 3212 auro
552 3142 763 3225 redimebant,
775 3145 800 3211 si
808 3142 1098 3214 fortunasaevisset
1108 3165 1140 3214 et
1148 3146 1183 3202 (ἃ)

167 3261 260 3329 nillus
274 3282 445 3350 parumper
454 3257 608 3327 tardasset
619 3257 795 3327 adventum
810 3251 855 3327 l).
889 3263 943 3351 qui
954 3262 1182 3351 superveniens

167 3401 264 3446 urum
276 3374 389 3443 foedae
408 3373 636 3463 redemptionis
650 3375 800 3463 pretium,
814 3393 847 3444 et
860 3376 894 3443 in
912 3395 1026 3445 statera
1040 3378 1105 3445 iarn
1123 3400 1181 3468 po-

172 3491 282 3560 medio
301 3489 426 3573 auferri,
442 3507 473 3558 et
485 3489 596 3558 Gallos
615 3488 800 3558 submoveri
819 3492 911 3560 iussit
925 3491 1097 3582 allegantes
1111 3516 1182 3562 sese

167 3632 192 3690 e,
207 3606 321 3698 quibus
340 3629 412 3674 eam
423 3606 607 3695 pactionem
625 3623 727 3672 ratam
734 3603 808 3673 'esse
821 3608 960 3696 negavit.
998 3631 1080 3698 quae
1093 3627 1182 3699 post·

167 3748 177 3791 e
201 3724 335 3793 dictator
363 3740 484 3791 creatus
512 3719 595 3788 foret
621 3720 771 3812 [dictator
794 3723 882 3790 enim
906 3742 1029 3793 creatus
1053 3725 1128 3794 exul
1150 3745 1182 3794 et

167 3859 224 3908 ,rat
234 3841 356 3907 iniussu
367 3860 428 3906 suo
441 3837 479 3905 ab
493 3835 651 3905 inferioris
666 3837 741 3905 iuris
756 3838 960 3931 Magistratu]
976 3838 1181 3910 denunciavit

167 3956 203 4024 ad
223 3956 380 4045 proelium
403 3976 436 4022 se
460 3954 646 4043 expedirent
658 3954 695 4009 (f)
702 3980 712 4038 ;
731 3973 763 4022 et
793 3953 918 4027 duobus
937 3957 1064 4048 proeliis
1092 3981 1180 4029 com·

167 4096 204 4140 eo
223 4089 360 4159 utroque
378 4068 466 4138 fusos
486 4069 597 4137 afflixit
608 4070 719 4139 Gallos
730 4088 766 4140 ut
777 4072 832 4139 vix
844 4091 1022 4162 superesset
1033 4075 1178 4159 nuncius,

167 4189 197 4256 l.
219 4188 330 4256 Livius
349 4204 546 4253 memoratus
566 4186 610 4251 (³).

167 4379 251 4423 »lotarie
264 4377 369 4422 omnibus
383 4376 441 4421 vivis
455 4377 545 4433 periere,
551 4376 574 4424 V.
586 4378 605 4421 il
613 4378 730 4424 riscontro
740 4379 835 4426 listune.
891 4381 922 4438 (b)
932 4381 973 4426 Bb
985 4381 1044 4427 soret
1099 4385 1131 4439 (e)
1140 4382 1180 4428 st

167 4460 247 4504 morbo
260 4456 335 4502 areeri
396 4457 478 4514 (dle
492 4457 589 4510 sivisset,
601 4465 678 4514 utpote
746 4463 774 4518 (e)
789 4461 911 4507 adventum
925 4461 1116 4508 concordemente
1129 4464 1179 4521 Aa,

172 4541 234 4586 Mur.
290 4540 320 4598 (l)
334 4542 374 4585 Aa
388 4541 508 4599 expediant

167 4689 181 4745 ¹.
201 4689 297 4755 Lutto,
320 4688 339 4742 l.
361 4704 394 4754 c,
418 4688 433 4758 ς
459 4705 482 4759 3,
506 4701 563 4754 xrs,
642 4688 686 4758 (2)
700 4686 735 4742 T.
748 4687 842 4754 Lrvro,
854 4688 890 4754 V,
903 4703 1003 4756 xxxrx,
1018 4689 1033 4760 ς
1046 4704 1072 4757 4.

642 4772 685 4844 (3)
702 4773 734 4828 T.
752 4773 973 4841 L1v10,V,xr11‚
987 4789 1054 4830 nrm
1067 4774 1176 4847 passim
