3142 5730
362 490 390 544 1.
419 491 476 545 ou
504 490 820 548 ceuussunuss.
1124 495 1182 560 135

167 711 282 780 ntonio
300 731 333 780 et
350 712 494 796 Simone,
513 713 702 782 introductis
721 713 898 796 Turrianis,
914 715 1053 782 Matreus
1070 714 1187 781 extrin-

167 827 227 894 usit
246 826 323 894 exul
341 845 373 895 et
391 827 499 895 Guido
523 827 563 896 de
586 828 616 896 la
638 828 744 896 Turre
768 851 843 896 suae
862 828 1009 896 factionis
1031 828 1193 917 princeps,

167 942 313 1009 uerariae
335 943 521 1011 intentionis
539 966 616 1011 suae
635 943 778 1026 iliberto,
793 946 849 1033 qui
865 943 1040 1013 Mediolani
1055 965 1190 1032 regnare

167 1053 268 1136 debat,
287 1057 432 1145 regnavit
450 1078 518 1122 non
542 1056 643 1124 modo
667 1055 855 1139 Mediolani,
877 1057 981 1123 immo
1004 1056 1100 1123 etiam
1120 1055 1193 1121 Pla·
1245 1054 1247 1060 '

167 1193 224 1260 pso
247 1170 487 1240 reconciliatore
505 1194 566 1240 suo
590 1172 664 1240 inde
686 1172 791 1261 pulso.
837 1190 870 1239 et
892 1170 1022 1239 exulem
1041 1169 1116 1238 fecit
1138 1172 1193 1259 qui

175 1305 312 1377 agnatos
335 1308 367 1355 et
389 1311 540 1376 sequaces
568 1289 636 1356 eius
659 1289 768 1356 exules
792 1285 909 1377 absque
937 1311 994 1376 spe
1016 1286 1122 1355 subito
1148 1286 1194 1353 f·
1292 1264 1295 1273 ¹

167 1401 300 1472 :derasae
314 1403 399 1472 urbis
418 1426 494 1471 suae
513 1405 598 1472 cives
611 1403 656 1472 (¹).
702 1406 809 1493 itaque
828 1406 968 1472 Matreus
986 1405 1058 1484 iste,
1077 1404 1131 1492 qui
1156 1403 1189 1469 in

167 1519 343 1586 minatione
366 1519 471 1587 iunior
493 1541 632 1608 regnans
652 1518 773 1586 nullam
795 1520 981 1588 iniuriarum
1001 1540 1131 1587 suarum
1146 1516 1195 1584 ul·

167 1653 324 1718 umserat,
347 1637 436 1725 quasi
470 1634 686 1704 indifferenter
720 1659 780 1726 pro
814 1636 905 1703 malis
936 1634 1071 1705 reddens
1096 1633 1192 1716 bona,

167 1809 168 1816 ,
191 1749 230 1819 ab
254 1752 385 1840 ingratis
407 1769 532 1841 sceptro
554 1752 674 1840 pulsus,
698 1752 893 1842 exiliumque
924 1752 1045 1821 eisdem
1077 1773 1192 1841 procu·

167 1885 175 1928 ι
193 1862 310 1952 quibus
333 1888 399 1931 non
418 1863 451 1931 id
466 1865 619 1933 meruisse
639 1863 796 1948 credebat,
814 1886 908 1953 aegre
927 1865 1064 1931 nimium
1081 1884 1192 1952 passus

167 1978 323 2046 tantulum
345 1978 569 2054 inclementior
596 1978 697 2048 factus
721 1998 796 2063 erat,
821 1978 952 2048 credens
983 1978 1080 2045 nimis
1103 1977 1194 2043 facile

167 2093 200 2163 lo
222 2094 399 2184 periculum
419 2097 595 2177 incurrisse,
629 2114 661 2163 et
689 2115 853 2186 propterea
884 2096 1003 2163 multos
1033 2092 1072 2160 ad
1096 2115 1192 2181 expe-

167 2211 325 2280 fortunam
340 2211 412 2279 belli
429 2214 509 2280 inse
528 2212 677 2280 audacius
693 2214 876 2280 surrexisse.
923 2211 994 2279 heic
1008 2233 1042 2277 se
1056 2209 1191 2277 instruat

167 2351 180 2394 1
211 2351 326 2418 genus,
350 2329 437 2396 etin
461 2328 553 2397 coelo
583 2331 661 2396 sciat
683 2352 752 2398 esse
787 2329 843 2418 qui
865 2326 1048 2395 mortalium
1084 2347 1192 2392 curam

167 2441 366 2531 taliquando
398 2441 468 2509 heic
491 2444 630 2530 praemia
653 2465 711 2531 pro
739 2443 860 2511 meritis
879 2442 987 2530 inique
1016 2438 1192 2528 agentibus,

197 2560 341 2648 ingratis,
365 2558 485 2628 reddat.
531 2561 565 2627 in
596 2559 657 2627 hos
684 2561 838 2648 ingratos,
862 2559 965 2625 immo
992 2555 1193 2625 retributores

167 2695 174 2737 r
198 2673 339 2740 Matreus
366 2674 488 2740 saevire
506 2674 619 2762 potuit,
644 2690 679 2740 ut
698 2673 809 2740 voluit.
856 2689 964 2739 tamen
988 2693 1044 2737 eos
1067 2671 1100 2737 in
1125 2669 1192 2736 eius

175 2788 320 2876 captivos
335 2787 467 2870 habens,
482 2787 660 2870 Albertum‚
680 2789 754 2877 quia
770 2787 905 2856 aliorum
921 2785 1034 2854 astutia
1045 2783 1192 2852 seductus

167 2925 229 2970 >ere
247 2902 412 2984 relaxavit,
431 2904 571 2971 retinens
589 2903 771 2972 seductores
791 2904 824 2970 in
844 2899 1030 2983 carceribus,
1049 2900 1104 2989 qui
1122 2921 1191 2987 per·

167 3016 357 3085 lomicilium
380 3015 509 3085 fuerunt
526 3017 595 3084 sibi.

167 3133 186 3199 l.
233 3133 313 3200 Post
328 3131 421 3200 huius
438 3133 570 3200 Henrici
583 3133 733 3222 principis
748 3132 849 3200 nostri
867 3148 1007 3197 mortem
1022 3128 1055 3194 in
1071 3127 1192 3193 cunctis

167 3247 263 3316 'taliae
282 3247 401 3316 exultat
414 3248 592 3338 Guelphus,
604 3272 672 3316 non
683 3247 784 3315 modo
797 3245 957 3327 Thuscus,
969 3264 1082 3311 verum
1095 3243 1192 3346 etiam

167 3387 211 3432 us.
255 3384 286 3431 et
305 3363 379 3457 licet
396 3388 436 3432 ex
451 3363 641 3453 primoribus
661 3363 857 3450 Guelphicae
875 3359 1021 3429 factionis
1041 3359 1073 3424 in
1093 3358 1191 3424 Lom-

167 3479 229 3547 ulti
249 3495 282 3545 et
303 3479 445 3568 plerique
469 3478 558 3546 domi
583 3500 659 3546 suae
678 3478 834 3568 principes
854 3494 907 3544 aut
931 3475 1017 3543 caesi
1032 3492 1086 3539 aut
1110 3472 1192 3559 capti

167 3595 324 3663 ranciscus
349 3613 380 3661 et
406 3594 520 3662 Simon
552 3593 591 3660 de
614 3593 644 3661 la
662 3593 767 3662 Turre
791 3590 958 3673 Guidonis‚
983 3588 1022 3655 de
1049 3609 1114 3676 quo
1137 3611 1192 3654 su·

167 3710 265 3778 tribus
281 3710 359 3777 locis
375 3711 497 3777 mentio
515 3708 597 3777 facta
616 3728 673 3791 est,
693 3707 749 3775 filii
765 3706 896 3776 exulum
916 3703 1090 3771 Mediolani
1106 3703 1192 3792 prin-

167 3825 260 3894 lectis
283 3826 423 3915 undique
443 3827 620 3894 amicorum
639 3824 759 3892 viribus
775 3824 808 3890 in
823 3821 930 3911 Papia,
948 3838 1070 3888 tantum
1088 3819 1192 3909 gentis

167 3943 319 4020 ‚maxime
335 3943 490 4031 equitum,
499 3942 605 4009 subito
618 3940 824 4028 collegerunt,
839 3956 874 4005 ut
888 3935 1066 4006 Gibellinae
1075 3936 1191 4023 gentis,

167 4082 179 4126 .·.
193 4058 351 4147 equitum,
369 4058 456 4127 nulla
470 4076 558 4146 parte
578 4059 727 4125 timerent
747 4076 915 4121 occursum
929 4053 974 4119 (²).
1021 4050 1192 4118 sentientes

167 4195 222 4240 um
248 4170 484 4240 conductorum
508 4173 652 4260 equiturn
688 4191 837 4249 vacuum,
849 4167 884 4221 (³)
908 4167 1006 4233 nimia
1030 4183 1062 4232 et
1087 4164 1193 4231 crebra

167 4385 223 4439 cap.
234 4368 340 4422 XXXII
350 4368 394 4422 del
405 4368 437 4423 C.
449 4384 464 4422 e
476 4368 506 4420 B.
516 4368 576 4421 Mo·
621 4385 665 4439 op.
685 4367 738 4431 cit,
753 4363 826 4418 nella
841 4363 941 4418 notizia
955 4365 1054 4416 storica
1070 4361 1121 4416 che
1137 4379 1194 4434 pre

167 4471 190 4506 u.
200 4453 307 4508 Modoct.
315 4453 349 4518 11,
358 4467 406 4518 xv,
417 4468 574 4526 rroqesgg.
622 4451 687 4508 cede
705 4450 725 4504 il
743 4448 862 4513 volume,
881 4465 906 4520 p.
924 4462 992 4502 xcix
1011 4465 1026 4501 e
1045 4463 1104 4517 sgg.

167 4536 501 4608 onioFissiragadaLodi
515 4534 574 4590 lece
658 4534 701 4605 (2)
720 4532 764 4588 cf.
792 4534 860 4586 Aru.
889 4532 1036 4596 Mussaro,
1061 4531 1102 4584 Dc
1125 4532 1195 4601 gestis

167 4618 257 4676 tselice
273 4619 326 4674 fine
344 4619 372 4674 di
391 4619 534 4693 Filippone
548 4619 575 4673 di
621 4619 679 4674 lul.
690 4615 836 4691 postHrnr.
851 4615 903 4669 Vll
914 4616 983 4669 Cucs.
995 4616 1053 4668 obit
1063 4613 1084 4679 I,
1098 4614 1169 4669 rubr.
1177 4631 1194 4669 1.

201 4704 244 4760 ef.
279 4706 421 4761 Tursraur
460 4705 573 4760 Caucur
656 4701 699 4772 (3)
720 4699 757 4754 Le
777 4697 932 4753 condicioni
953 4696 1025 4751 della
1043 4709 1118 4768 parte
1138 4698 1195 4770 ghi-

167 4787 574 4856 atriae,xx1,xv‚eV1omr1,
620 4785 720 4841 belline
747 4785 774 4836 in
801 4781 905 4835 Milano
934 4780 995 4834 ein
1018 4780 1144 4852 generale
1166 4783 1194 4835 in
